<!DOCTYPE html><html lang="tr"><head><meta charset="utf-8"><title>"kedi mamasi" Araması İçin Ürün Sonuçları - Cimri.com</title><meta name="viewport" content="width=device-width, initial-scale=1, minimum-scale=1, maximum-scale=5, shrink-to-fit=no"><meta name="description" content="&quot;kedi mamasi&quot; araması ile ilgili ürünleri görün ve fiyatlarını Cimri.com’da kıyaslayın."><meta name="robots" content="noindex,follow,max-image-preview:large"><meta name="referrer" content="no-referrer-when-downgrade"><meta http-equiv="X-UA-Compatible" content="IE=edge,chrome=1"><meta property="og:url" content="https://www.cimri.com/arama"><meta property="og:type" content="website"><meta property="og:title" content="&quot;kedi mamasi&quot; Araması İçin Ürün Sonuçları - Cimri.com"><meta property="og:description" content="&quot;kedi mamasi&quot; araması ile ilgili ürünleri görün ve fiyatlarını Cimri.com’da kıyaslayın."><meta property="og:image" content="https://cdn.cimri.io/image/1200x1200/royal-canin-4-kg-sensible-kuru-kedi-mamasi_200068087.jpg"><link rel="canonical" href="https://www.cimri.com/arama"><link rel="next" href="https://www.cimri.com/arama?page=2&amp;q=kedi+mamasi"><link rel="preconnect" href="https://assets.cimri.com"><link rel="preconnect" href="https://cdn.cimri.io"><link rel="dns-prefetch" href="https://cdn.scarabresearch.com"><link rel="dns-prefetch" href="https://recommender.scarabresearch.com"><link rel="dns-prefetch" href="https://analytics.google.com"><link rel="dns-prefetch" href="https://www.googletagservices.com/"><link rel="dns-prefetch" href="https://www.googletagmanager.com/"><link rel="dns-prefetch" href="https://www.google-analytics.com"><link rel="dns-prefetch" href="https://securepubads.g.doubleclick.net"><link rel="dns-prefetch" href="https://googleads.g.doubleclick.net"><link rel="dns-prefetch" href="https://td.doubleclick.net"><link rel="dns-prefetch" href="https://bid.g.doubleclick.net"><link rel="dns-prefetch" href="https://stats.g.doubleclick.net"><link rel="dns-prefetch" href="https://creativecdn.com"><link rel="dns-prefetch" href="https://connect.facebook.net"><link rel="dns-prefetch" href="https://www.facebook.com"><link rel="dns-prefetch" href="https://wps.relateddigital.com"><link rel="dns-prefetch" href="https://rpdn.relateddigital.com"><link rel="dns-prefetch" href="https://tags.creativecdn.com"><link rel="dns-prefetch" href="https://avlsh.visilabs.net"><link rel="dns-prefetch" href="https://cdn.cookielaw.org"><link rel="preload" fetchpriority="high" as="image" imagesrcset="https://cdn.cimri.io/image/148x148/royal-canin-4-kg-sensible-kuru-kedi-mamasi_200068087.jpg 1x, https://cdn.cimri.io/image/296x296/royal-canin-4-kg-sensible-kuru-kedi-mamasi_200068087.jpg 2x"><script type="application/ld+json">{"@context":"https://schema.org","@type":"BreadcrumbList","@id":"https://www.cimri.com/arama#breadcrumb","itemListElement":[{"@type":"ListItem","position":1,"item":"https://www.cimri.com/","name":"Ana Sayfa"},{"@type":"ListItem","position":2,"item":"https://www.cimri.com/arama?q=","name":"Arama"}]}</script><script type="application/ld+json">{"@context":"https://schema.org","@type":["WebPage","SearchResultsPage"],"@id":"https://www.cimri.com/arama#page","url":"https://www.cimri.com/arama","name":"Arama Sonuçları","description":"Arama sayfası sonuçları ve ilgili ürünler.","publisher":{"@type":"Organization","name":"Cimri","logo":{"@type":"ImageObject","url":"https://cdn.cimri.io/web-images/desktop_cimri.png"}},"mainEntity":{"@id":"https://www.cimri.com/arama#itemlist"}}</script><script type="application/ld+json">{"@context":"https://schema.org","@type":"ItemList","@id":"https://www.cimri.com/arama","itemListElement":[{"@type":"ListItem","position":1,"item":{"@type":"Product","name":"Royal Canin 4 kg Sensible Kuru Kedi Maması","image":"https://cdn.cimri.io/image/1200x1200/royal-canin-4-kg-sensible-kuru-kedi-mamasi_200068087.jpg","@id":"https://www.cimri.com/kuru-kedi-mamasi/en-ucuz-royal-canin-regular-sensible-33-4-kg-yetiskin-kedi-mamasi-fiyatlari,80966731","url":"https://www.cimri.com/kuru-kedi-mamasi/en-ucuz-royal-canin-regular-sensible-33-4-kg-yetiskin-kedi-mamasi-fiyatlari,80966731","brand":{"@type":"Brand","name":"Royal Canin"},"offers":{"@type":"AggregateOffer","@id":"https://www.cimri.com/arama#offers1","offerCount":3,"priceCurrency":"TRY","lowPrice":1099,"highPrice":1827.37,"availability":"https://schema.org/InStock","offers":[{"@type":"Offer","price":1099,"priceCurrency":"TRY","seller":{"@type":"Organization","name":"Petidi"}},{"@type":"Offer","price":1452,"priceCurrency":"TRY","seller":{"@type":"Organization","name":"PttAVM"}},{"@type":"Offer","price":1827.37,"priceCurrency":"TRY","seller":{"@type":"Organization","name":"petimemama"}}]}}},{"@type":"ListItem","position":2,"item":{"@type":"Product","name":"Pro Plan Kitten Tavuk ve Pirinçli 10 kg Yavru Kedi Maması","image":"https://cdn.cimri.io/image/1200x1200/pro-plan-kitten-tavuk-ve-pirincli-10-kg-yavru-kedi-mamasi_927325169.jpg","@id":"https://www.cimri.com/kuru-kedi-mamasi/en-ucuz-pro-plan-kitten-tavuk-ve-pirincli-10-kg-yavru-kedi-mamasi-fiyatlari,885440220","url":"https://www.cimri.com/kuru-kedi-mamasi/en-ucuz-pro-plan-kitten-tavuk-ve-pirincli-10-kg-yavru-kedi-mamasi-fiyatlari,885440220","brand":{"@type":"Brand","name":"Pro Plan"},"offers":{"@type":"AggregateOffer","@id":"https://www.cimri.com/arama#offers2","offerCount":3,"priceCurrency":"TRY","lowPrice":2800,"highPrice":3212.92,"availability":"https://schema.org/InStock","offers":[{"@type":"Offer","price":2800,"priceCurrency":"TRY","seller":{"@type":"Organization","name":"idefix"}},{"@type":"Offer","price":3186.24,"priceCurrency":"TRY","seller":{"@type":"Organization","name":"Pazarama"}},{"@type":"Offer","price":3212.92,"priceCurrency":"TRY","seller":{"@type":"Organization","name":"PttAVM"}}]}}},{"@type":"ListItem","position":3,"item":{"@type":"Product","name":"Royal Canin 15 kg Fit 32 Yetişkin Kedi Maması","image":"https://cdn.cimri.io/image/1200x1200/royal-canin-15-kg-fit-32-yetiskin-kedi-mamasi_589153294.jpg","@id":"https://www.cimri.com/kuru-kedi-mamasi/en-ucuz-royal-canin-fit-32-15-kg-yetiskin-kedi-mamasi-fiyatlari,691511","url":"https://www.cimri.com/kuru-kedi-mamasi/en-ucuz-royal-canin-fit-32-15-kg-yetiskin-kedi-mamasi-fiyatlari,691511","brand":{"@type":"Brand","name":"Royal Canin"},"offers":{"@type":"AggregateOffer","@id":"https://www.cimri.com/arama#offers3","offerCount":3,"priceCurrency":"TRY","lowPrice":5051,"highPrice":5159,"availability":"https://schema.org/InStock","offers":[{"@type":"Offer","price":5051,"priceCurrency":"TRY","seller":{"@type":"Organization","name":"Amazon"}},{"@type":"Offer","price":5144.64,"priceCurrency":"TRY","seller":{"@type":"Organization","name":"Pazarama"}},{"@type":"Offer","price":5159,"priceCurrency":"TRY","seller":{"@type":"Organization","name":"n11"}}]}}},{"@type":"ListItem","position":4,"item":{"@type":"Product","name":"Pro Plan Derma Plus Somonlu 10 kg Yetişkin Kedi Maması","image":"https://cdn.cimri.io/image/1200x1200/pro-plan-derma-plus-somonlu-10-kg-yetiskin-kedi-mamasi_590591618.jpg","@id":"https://www.cimri.com/kuru-kedi-mamasi/en-ucuz-pro-plan-derma-plus-somonlu-10-kg-yetiskin-kedi-mamasi-fiyatlari,473999392","url":"https://www.cimri.com/kuru-kedi-mamasi/en-ucuz-pro-plan-derma-plus-somonlu-10-kg-yetiskin-kedi-mamasi-fiyatlari,473999392","brand":{"@type":"Brand","name":"Pro Plan"},"offers":{"@type":"AggregateOffer","@id":"https://www.cimri.com/arama#offers4","offerCount":3,"priceCurrency":"TRY","lowPrice":3585.99,"highPrice":3728,"availability":"https://schema.org/InStock","offers":[{"@type":"Offer","price":3585.99,"priceCurrency":"TRY","seller":{"@type":"Organization","name":"Amazon"}},{"@type":"Offer","price":3685.03,"priceCurrency":"TRY","seller":{"@type":"Organization","name":"idefix"}},{"@type":"Offer","price":3728,"priceCurrency":"TRY","seller":{"@type":"Organization","name":"PttAVM"}}]}}},{"@type":"ListItem","position":5,"item":{"@type":"Product","name":"Enjoy Tavuklu 2x15 kg Yetişkin Kedi Maması","image":"https://cdn.cimri.io/image/1200x1200/enjoy-tavuklu-2x15-kg-yetiskin-kedi-mamasi_532251591.jpg","@id":"https://www.cimri.com/kuru-kedi-mamasi/en-ucuz-enjoy-tavuklu-2x15-kg-yetiskin-kedi-mamasi-fiyatlari,107843023","url":"https://www.cimri.com/kuru-kedi-mamasi/en-ucuz-enjoy-tavuklu-2x15-kg-yetiskin-kedi-mamasi-fiyatlari,107843023","brand":{"@type":"Brand","name":"Enjoy"},"offers":{"@type":"AggregateOffer","@id":"https://www.cimri.com/arama#offers5","offerCount":3,"priceCurrency":"TRY","lowPrice":2450,"highPrice":2579.11,"availability":"https://schema.org/InStock","offers":[{"@type":"Offer","price":2450,"priceCurrency":"TRY","seller":{"@type":"Organization","name":"PttAVM"}},{"@type":"Offer","price":2549.9,"priceCurrency":"TRY","seller":{"@type":"Organization","name":"Petzzshop"}},{"@type":"Offer","price":2579.11,"priceCurrency":"TRY","seller":{"@type":"Organization","name":"idefix"}}]}}},{"@type":"ListItem","position":6,"item":{"@type":"Product","name":"Challenge Adult Kuzu Etli 15 KG Yetişkin Kedi Maması","image":"https://cdn.cimri.io/image/1200x1200/challenge-adult-kuzu-etli-15-kg-yetiskin-kedi-mamasi_807381030.jpg","@id":"https://www.cimri.com/kuru-kedi-mamasi/en-ucuz-challenge-adult-kuzu-etli-15-kg-yetiskin-kedi-mamasi-fiyatlari,2200578143","url":"https://www.cimri.com/kuru-kedi-mamasi/en-ucuz-challenge-adult-kuzu-etli-15-kg-yetiskin-kedi-mamasi-fiyatlari,2200578143","brand":{"@type":"Brand","name":"Challenge"},"offers":{"@type":"AggregateOffer","@id":"https://www.cimri.com/arama#offers6","offerCount":3,"priceCurrency":"TRY","lowPrice":847,"highPrice":919.9,"availability":"https://schema.org/InStock","offers":[{"@type":"Offer","price":847,"priceCurrency":"TRY","seller":{"@type":"Organization","name":"Amazon"}},{"@type":"Offer","price":900,"priceCurrency":"TRY","seller":{"@type":"Organization","name":"Zoopet"}},{"@type":"Offer","price":919.9,"priceCurrency":"TRY","seller":{"@type":"Organization","name":"Petzzshop"}}]}}},{"@type":"ListItem","position":7,"item":{"@type":"Product","name":"Royal Canin Sterilised 37 Kısırlaştırılmış 10 kg Açık Mama Kedi Maması","image":"https://cdn.cimri.io/image/1200x1200/royal-canin-sterilised-37-kisirlastirilmis-10-kg-acik-mama-kedi-mamasi_796847905.jpg","@id":"https://www.cimri.com/acik-kedi-mamalari/en-ucuz-royal-canin-sterilised-37-kisirlastirilmis-10-kg-acik-mama-kedi-mamasi-fiyatlari,2094172554","url":"https://www.cimri.com/acik-kedi-mamalari/en-ucuz-royal-canin-sterilised-37-kisirlastirilmis-10-kg-acik-mama-kedi-mamasi-fiyatlari,2094172554","brand":{"@type":"Brand","name":"Royal Canin"},"offers":{"@type":"AggregateOffer","@id":"https://www.cimri.com/arama#offers7","offerCount":3,"priceCurrency":"TRY","lowPrice":2450.25,"highPrice":5570.29,"availability":"https://schema.org/InStock","offers":[{"@type":"Offer","price":2450.25,"priceCurrency":"TRY","seller":{"@type":"Organization","name":"PttAVM"}},{"@type":"Offer","price":4499.02,"priceCurrency":"TRY","seller":{"@type":"Organization","name":"idefix"}},{"@type":"Offer","price":5570.29,"priceCurrency":"TRY","seller":{"@type":"Organization","name":"Hepsiburada"}}]}}},{"@type":"ListItem","position":8,"item":{"@type":"Product","name":"Felix Karışık Yetişkin 104 x85 gr Yaş Kedi Maması","image":"https://cdn.cimri.io/image/1200x1200/felix-karisik-yetiskin-104-x85-gr-yas-kedi-mamasi_870540189.jpg","@id":"https://www.cimri.com/konserve-yas-kedi-mamasi/en-ucuz-felix-karisik-yetiskin-104-x85-gr-yas-kedi-mamasi-fiyatlari,2296534127","url":"https://www.cimri.com/konserve-yas-kedi-mamasi/en-ucuz-felix-karisik-yetiskin-104-x85-gr-yas-kedi-mamasi-fiyatlari,2296534127","brand":{"@type":"Brand","name":"Felix"},"offers":{"@type":"AggregateOffer","@id":"https://www.cimri.com/arama#offers8","offerCount":3,"priceCurrency":"TRY","lowPrice":1849.99,"highPrice":2131.13,"availability":"https://schema.org/InStock","offers":[{"@type":"Offer","price":1849.99,"priceCurrency":"TRY","seller":{"@type":"Organization","name":"Hepsiburada"}},{"@type":"Offer","price":2041.84,"priceCurrency":"TRY","seller":{"@type":"Organization","name":"idefix"}},{"@type":"Offer","price":2131.13,"priceCurrency":"TRY","seller":{"@type":"Organization","name":"Pazarama"}}]}}},{"@type":"ListItem","position":9,"item":{"@type":"Product","name":"Felix Karışık Paket Pouch 26x85 gr Kedi Yaş Maması","image":"https://cdn.cimri.io/image/1200x1200/felix-karisik-paket-pouch-26x85-gr-kedi-yas-mamasi_678639444.jpg","@id":"https://www.cimri.com/konserve-yas-kedi-mamasi/en-ucuz-felix-karisik-paket-pouch-26x85-gr-kedi-yas-mamasi-fiyatlari,1517608494","url":"https://www.cimri.com/konserve-yas-kedi-mamasi/en-ucuz-felix-karisik-paket-pouch-26x85-gr-kedi-yas-mamasi-fiyatlari,1517608494","brand":{"@type":"Brand","name":"Felix"},"offers":{"@type":"AggregateOffer","@id":"https://www.cimri.com/arama#offers9","offerCount":3,"priceCurrency":"TRY","lowPrice":535,"highPrice":640.13,"availability":"https://schema.org/InStock","offers":[{"@type":"Offer","price":535,"priceCurrency":"TRY","seller":{"@type":"Organization","name":"Hepsiburada"}},{"@type":"Offer","price":577.99,"priceCurrency":"TRY","seller":{"@type":"Organization","name":"idefix"}},{"@type":"Offer","price":640.13,"priceCurrency":"TRY","seller":{"@type":"Organization","name":"PttAVM"}}]}}},{"@type":"ListItem","position":10,"item":{"@type":"Product","name":"Wanpy 25x14 gr Karışık Sıvı Kedi Ödülü Kedi Ödül Maması","image":"https://cdn.cimri.io/image/1200x1200/wanpy-25x14-gr-karisik-sivi-kedi-odulu-kedi-odul-mamasi_303539429.jpg","@id":"https://www.cimri.com/kedi-odulu/en-ucuz-wanpy-25x14-gr-karisik-sivi-kedi-odulu-kedi-odul-mamasi-fiyatlari,631347902","url":"https://www.cimri.com/kedi-odulu/en-ucuz-wanpy-25x14-gr-karisik-sivi-kedi-odulu-kedi-odul-mamasi-fiyatlari,631347902","brand":{"@type":"Brand","name":"Wanpy"},"offers":{"@type":"AggregateOffer","@id":"https://www.cimri.com/arama#offers10","offerCount":3,"priceCurrency":"TRY","lowPrice":269,"highPrice":301.81,"availability":"https://schema.org/InStock","offers":[{"@type":"Offer","price":269,"priceCurrency":"TRY","seller":{"@type":"Organization","name":"Bidolu Pet"}},{"@type":"Offer","price":287.91,"priceCurrency":"TRY","seller":{"@type":"Organization","name":"Pazarama"}},{"@type":"Offer","price":301.81,"priceCurrency":"TRY","seller":{"@type":"Organization","name":"Amazon"}}]}}},{"@type":"ListItem","position":11,"item":{"@type":"Product","name":"Peteko Tavuklu 15 kg Yetişkin Kedi Maması","image":"https://cdn.cimri.io/image/1200x1200/peteko-tavuklu-15-kg-yetiskin-kedi-mamasi_843268320.jpg","@id":"https://www.cimri.com/kuru-kedi-mamasi/en-ucuz-peteko-tavuklu-15-kg-yetiskin-kedi-mamasi-fiyatlari,2276771514","url":"https://www.cimri.com/kuru-kedi-mamasi/en-ucuz-peteko-tavuklu-15-kg-yetiskin-kedi-mamasi-fiyatlari,2276771514","brand":{"@type":"Brand","name":"Peteko"},"offers":{"@type":"AggregateOffer","@id":"https://www.cimri.com/arama#offers11","offerCount":3,"priceCurrency":"TRY","lowPrice":872.9,"highPrice":1200,"availability":"https://schema.org/InStock","offers":[{"@type":"Offer","price":872.9,"priceCurrency":"TRY","seller":{"@type":"Organization","name":"idefix"}},{"@type":"Offer","price":1000,"priceCurrency":"TRY","seller":{"@type":"Organization","name":"Hepsiburada"}},{"@type":"Offer","price":1200,"priceCurrency":"TRY","seller":{"@type":"Organization","name":"Evcil Sepetim"}}]}}},{"@type":"ListItem","position":12,"item":{"@type":"Product","name":"Bonnie 10 kg Dana Etli Yetişkin Kuru Kedi Maması","image":"https://cdn.cimri.io/image/1200x1200/bonnie-10-kg-dana-etli-yetiskin-kuru-kedi-mamasi_588742545.jpg","@id":"https://www.cimri.com/kuru-kedi-mamasi/en-ucuz-bonnie-10-kg-dana-etli-yetiskin-kuru-kedi-mamasi-fiyatlari,881570517","url":"https://www.cimri.com/kuru-kedi-mamasi/en-ucuz-bonnie-10-kg-dana-etli-yetiskin-kuru-kedi-mamasi-fiyatlari,881570517","brand":{"@type":"Brand","name":"Bonnie"},"offers":{"@type":"AggregateOffer","@id":"https://www.cimri.com/arama#offers12","offerCount":3,"priceCurrency":"TRY","lowPrice":744.95,"highPrice":1067,"availability":"https://schema.org/InStock","offers":[{"@type":"Offer","price":744.95,"priceCurrency":"TRY","seller":{"@type":"Organization","name":"Amazon"}},{"@type":"Offer","price":989.1,"priceCurrency":"TRY","seller":{"@type":"Organization","name":"idefix"}},{"@type":"Offer","price":1067,"priceCurrency":"TRY","seller":{"@type":"Organization","name":"Pazarama"}}]}}},{"@type":"ListItem","position":13,"item":{"@type":"Product","name":"Royal Canin British Shorthair 2 kg Yetişkin Kedi Maması","image":"https://cdn.cimri.io/image/1200x1200/royal-canin-british-shorthair-2-kg-yetiskin-kedi-mamasi_346228727.jpg","@id":"https://www.cimri.com/kuru-kedi-mamasi/en-ucuz-royal-canin-british-shorthair-2-kg-yetiskin-kedi-mamasi-fiyatlari,691348","url":"https://www.cimri.com/kuru-kedi-mamasi/en-ucuz-royal-canin-british-shorthair-2-kg-yetiskin-kedi-mamasi-fiyatlari,691348","brand":{"@type":"Brand","name":"Royal Canin"},"offers":{"@type":"AggregateOffer","@id":"https://www.cimri.com/arama#offers13","offerCount":3,"priceCurrency":"TRY","lowPrice":1070.1,"highPrice":1129,"availability":"https://schema.org/InStock","offers":[{"@type":"Offer","price":1070.1,"priceCurrency":"TRY","seller":{"@type":"Organization","name":"Amazon"}},{"@type":"Offer","price":1070.1,"priceCurrency":"TRY","seller":{"@type":"Organization","name":"Hepsiburada"}},{"@type":"Offer","price":1129,"priceCurrency":"TRY","seller":{"@type":"Organization","name":"Petidi"}}]}}},{"@type":"ListItem","position":14,"item":{"@type":"Product","name":"Purina One Bifensis Sterilcat Sığır Etli 2x800 gr Kısırlaştırılmış Kedi Maması","image":"https://cdn.cimri.io/image/1200x1200/purina-one-bifensis-sterilcat-sigir-etli-2x800-gr-kisirlastirilmis-kedi-mamasi_418058359.jpg","@id":"https://www.cimri.com/konserve-yas-kedi-mamasi/en-ucuz-purina-one-bifensis-sterilcat-sigir-etli-2x800-gr-kisirlastirilmis-kedi-mamasi-fiyatlari,524101081","url":"https://www.cimri.com/konserve-yas-kedi-mamasi/en-ucuz-purina-one-bifensis-sterilcat-sigir-etli-2x800-gr-kisirlastirilmis-kedi-mamasi-fiyatlari,524101081","brand":{"@type":"Brand","name":"Purina"},"offers":{"@type":"AggregateOffer","@id":"https://www.cimri.com/arama#offers14","offerCount":3,"priceCurrency":"TRY","lowPrice":413.1,"highPrice":1399,"availability":"https://schema.org/InStock","offers":[{"@type":"Offer","price":413.1,"priceCurrency":"TRY","seller":{"@type":"Organization","name":"idefix"}},{"@type":"Offer","price":791.1,"priceCurrency":"TRY","seller":{"@type":"Organization","name":"n11"}},{"@type":"Offer","price":1399,"priceCurrency":"TRY","seller":{"@type":"Organization","name":"Amazon"}}]}}},{"@type":"ListItem","position":15,"item":{"@type":"Product","name":"Paw Paw Tavuklu 15 kg Yavru Kedi Maması","image":"https://cdn.cimri.io/image/1200x1200/paw-paw-tavuklu-15-kg-yavru-kedi-mamasi_138807000.jpg","@id":"https://www.cimri.com/kuru-kedi-mamasi/en-ucuz-paw-paw-tavuklu-15-kg-yavru-kedi-mamasi-fiyatlari,69191313","url":"https://www.cimri.com/kuru-kedi-mamasi/en-ucuz-paw-paw-tavuklu-15-kg-yavru-kedi-mamasi-fiyatlari,69191313","brand":{"@type":"Brand","name":"Paw Paw"},"offers":{"@type":"AggregateOffer","@id":"https://www.cimri.com/arama#offers15","offerCount":3,"priceCurrency":"TRY","lowPrice":1156.46,"highPrice":1210,"availability":"https://schema.org/InStock","offers":[{"@type":"Offer","price":1156.46,"priceCurrency":"TRY","seller":{"@type":"Organization","name":"n11"}},{"@type":"Offer","price":1160.55,"priceCurrency":"TRY","seller":{"@type":"Organization","name":"Pazarama"}},{"@type":"Offer","price":1210,"priceCurrency":"TRY","seller":{"@type":"Organization","name":"PttAVM"}}]}}},{"@type":"ListItem","position":16,"item":{"@type":"Product","name":"Trendline Sterilised Tavuklu 15 kg Kısırlaştırılmış Kuru Kedi Maması","image":"https://cdn.cimri.io/image/1200x1200/trendline-sterilised-tavuklu-15-kg-kisirlastirilmis-kuru-kedi-mamasi_347089049.jpg","@id":"https://www.cimri.com/kuru-kedi-mamasi/en-ucuz-trendline-sterilised-tavuklu-15-kg-kisirlastirilmis-kuru-kedi-mamasi-fiyatlari,699962833","url":"https://www.cimri.com/kuru-kedi-mamasi/en-ucuz-trendline-sterilised-tavuklu-15-kg-kisirlastirilmis-kuru-kedi-mamasi-fiyatlari,699962833","brand":{"@type":"Brand","name":"Trendline"},"offers":{"@type":"AggregateOffer","@id":"https://www.cimri.com/arama#offers16","offerCount":3,"priceCurrency":"TRY","lowPrice":1199,"highPrice":1485,"availability":"https://schema.org/InStock","offers":[{"@type":"Offer","price":1199,"priceCurrency":"TRY","seller":{"@type":"Organization","name":"A101"}},{"@type":"Offer","price":1434.9,"priceCurrency":"TRY","seller":{"@type":"Organization","name":"Petzzshop"}},{"@type":"Offer","price":1485,"priceCurrency":"TRY","seller":{"@type":"Organization","name":"PttAVM"}}]}}},{"@type":"ListItem","position":17,"item":{"@type":"Product","name":"Pro Plan Adult 10 kg Tavuklu Kedi Maması","image":"https://cdn.cimri.io/image/1200x1200/pro-plan-adult-10-kg-tavuklu-kedi-mamasi_60828710.jpg","@id":"https://www.cimri.com/kuru-kedi-mamasi/en-ucuz-pro-plan-adult-10-kg-tavuklu-kedi-mamasi-fiyatlari,187613398","url":"https://www.cimri.com/kuru-kedi-mamasi/en-ucuz-pro-plan-adult-10-kg-tavuklu-kedi-mamasi-fiyatlari,187613398","brand":{"@type":"Brand","name":"Pro Plan"},"offers":{"@type":"AggregateOffer","@id":"https://www.cimri.com/arama#offers17","offerCount":3,"priceCurrency":"TRY","lowPrice":3085.12,"highPrice":3800,"availability":"https://schema.org/InStock","offers":[{"@type":"Offer","price":3085.12,"priceCurrency":"TRY","seller":{"@type":"Organization","name":"PttAVM"}},{"@type":"Offer","price":3491.03,"priceCurrency":"TRY","seller":{"@type":"Organization","name":"idefix"}},{"@type":"Offer","price":3800,"priceCurrency":"TRY","seller":{"@type":"Organization","name":"3a Petshop"}}]}}},{"@type":"ListItem","position":18,"item":{"@type":"Product","name":"Pro Plan Tavuklu Tavuklu 10 kg Yetişkin Kedi Maması","image":"https://cdn.cimri.io/image/1200x1200/pro-plan-tavuklu-tavuklu-10-kg-yetiskin-kedi-mamasi_813138068.jpg","@id":"https://www.cimri.com/kuru-kedi-mamasi/en-ucuz-pro-plan-tavuklu-tavuklu-10-kg-yetiskin-kedi-mamasi-fiyatlari,2192006836","url":"https://www.cimri.com/kuru-kedi-mamasi/en-ucuz-pro-plan-tavuklu-tavuklu-10-kg-yetiskin-kedi-mamasi-fiyatlari,2192006836","brand":{"@type":"Brand","name":"Pro Plan"},"offers":{"@type":"AggregateOffer","@id":"https://www.cimri.com/arama#offers18","offerCount":3,"priceCurrency":"TRY","lowPrice":3233.01,"highPrice":3800,"availability":"https://schema.org/InStock","offers":[{"@type":"Offer","price":3233.01,"priceCurrency":"TRY","seller":{"@type":"Organization","name":"PttAVM"}},{"@type":"Offer","price":3491.03,"priceCurrency":"TRY","seller":{"@type":"Organization","name":"idefix"}},{"@type":"Offer","price":3800,"priceCurrency":"TRY","seller":{"@type":"Organization","name":"Jet Mama Center"}}]}}},{"@type":"ListItem","position":19,"item":{"@type":"Product","name":"Challenge Adult Tavuklu 15 kg Yetişkin Kedi Maması","image":"https://cdn.cimri.io/image/1200x1200/challenge-adult-tavuklu-15-kg-yetiskin-kedi-mamasi_812972440.jpg","@id":"https://www.cimri.com/kuru-kedi-mamasi/en-ucuz-challenge-adult-tavuklu-15-kg-yetiskin-kedi-mamasi-fiyatlari,2200578142","url":"https://www.cimri.com/kuru-kedi-mamasi/en-ucuz-challenge-adult-tavuklu-15-kg-yetiskin-kedi-mamasi-fiyatlari,2200578142","brand":{"@type":"Brand","name":"Challenge"},"offers":{"@type":"AggregateOffer","@id":"https://www.cimri.com/arama#offers19","offerCount":3,"priceCurrency":"TRY","lowPrice":828,"highPrice":990,"availability":"https://schema.org/InStock","offers":[{"@type":"Offer","price":828,"priceCurrency":"TRY","seller":{"@type":"Organization","name":"Amazon"}},{"@type":"Offer","price":900,"priceCurrency":"TRY","seller":{"@type":"Organization","name":"Zoopet"}},{"@type":"Offer","price":990,"priceCurrency":"TRY","seller":{"@type":"Organization","name":"Hepsiburada"}}]}}},{"@type":"ListItem","position":20,"item":{"@type":"Product","name":"Pro Plan Sterilised Kısırlaştırılmış Kediler İçin Somonlu Ve Ton Balıklı 3 kg Kedi Maması","image":"https://cdn.cimri.io/image/1200x1200/pro-plan-sterilised-kisirlastirilmis-kediler-icin-somonlu-ve-ton-balikli-3-kg-kedi-mamasi_676093150.jpg","@id":"https://www.cimri.com/kuru-kedi-mamasi/en-ucuz-pro-plan-sterilised-kisirlastirilmis-kediler-icin-somonlu-ve-ton-balikli-3-kg-kedi-mamasi-fiyatlari,1390030222","url":"https://www.cimri.com/kuru-kedi-mamasi/en-ucuz-pro-plan-sterilised-kisirlastirilmis-kediler-icin-somonlu-ve-ton-balikli-3-kg-kedi-mamasi-fiyatlari,1390030222","brand":{"@type":"Brand","name":"Pro Plan"},"offers":{"@type":"AggregateOffer","@id":"https://www.cimri.com/arama#offers20","offerCount":3,"priceCurrency":"TRY","lowPrice":1145,"highPrice":1619.99,"availability":"https://schema.org/InStock","offers":[{"@type":"Offer","price":1145,"priceCurrency":"TRY","seller":{"@type":"Organization","name":"Pazarama"}},{"@type":"Offer","price":1322.1,"priceCurrency":"TRY","seller":{"@type":"Organization","name":"idefix"}},{"@type":"Offer","price":1619.99,"priceCurrency":"TRY","seller":{"@type":"Organization","name":"PttAVM"}}]}}},{"@type":"ListItem","position":21,"item":{"@type":"Product","name":"Reflex Plus Kuzulu ve Pirinçli 15 kg Yetişkin Kuru Kedi Maması","image":"https://cdn.cimri.io/image/1200x1200/reflex-plus-kuzulu-ve-pirincli-15-kg-yetiskin-kuru-kedi-mamasi_590802937.jpg","@id":"https://www.cimri.com/kuru-kedi-mamasi/en-ucuz-reflex-plus-kuzulu-ve-pirincli-15-kg-yetiskin-kuru-kedi-mamasi-fiyatlari,46414897","url":"https://www.cimri.com/kuru-kedi-mamasi/en-ucuz-reflex-plus-kuzulu-ve-pirincli-15-kg-yetiskin-kuru-kedi-mamasi-fiyatlari,46414897","brand":{"@type":"Brand","name":"Reflex"},"offers":{"@type":"AggregateOffer","@id":"https://www.cimri.com/arama#offers21","offerCount":4,"priceCurrency":"TRY","lowPrice":2175,"highPrice":2234.36,"availability":"https://schema.org/InStock","offers":[{"@type":"Offer","price":2175,"priceCurrency":"TRY","seller":{"@type":"Organization","name":"Alsingross"}},{"@type":"Offer","price":2178,"priceCurrency":"TRY","seller":{"@type":"Organization","name":"Mama Al"}},{"@type":"Offer","price":2181.9,"priceCurrency":"TRY","seller":{"@type":"Organization","name":"Petzzshop"}},{"@type":"Offer","price":2234.36,"priceCurrency":"TRY","seller":{"@type":"Organization","name":"Amazon"}}]}}},{"@type":"ListItem","position":22,"item":{"@type":"Product","name":"Reflex Plus 8 kg Tavuklu Yavru Kedi Maması","image":"https://cdn.cimri.io/image/1200x1200/reflex-plus-8-kg-tavuklu-yavru-kedi-mamasi_589286519.jpg","@id":"https://www.cimri.com/kuru-kedi-mamasi/en-ucuz-reflex-plus-8-kg-tavuklu-yavru-kedi-mamasi-fiyatlari,692572264","url":"https://www.cimri.com/kuru-kedi-mamasi/en-ucuz-reflex-plus-8-kg-tavuklu-yavru-kedi-mamasi-fiyatlari,692572264","brand":{"@type":"Brand","name":"Reflex"},"offers":{"@type":"AggregateOffer","@id":"https://www.cimri.com/arama#offers22","offerCount":3,"priceCurrency":"TRY","lowPrice":1155.3,"highPrice":1227.36,"availability":"https://schema.org/InStock","offers":[{"@type":"Offer","price":1155.3,"priceCurrency":"TRY","seller":{"@type":"Organization","name":"Mama Al"}},{"@type":"Offer","price":1156.48,"priceCurrency":"TRY","seller":{"@type":"Organization","name":"Amazon"}},{"@type":"Offer","price":1227.36,"priceCurrency":"TRY","seller":{"@type":"Organization","name":"n11"}}]}}},{"@type":"ListItem","position":23,"item":{"@type":"Product","name":"N&D 10 kg Düşük Tahıllı Tavuklu Narlı Yetişkin Kedi Maması","image":"https://cdn.cimri.io/image/1200x1200/nd-10-kg-dusuk-tahilli-tavuklu-narli-yetiskin-kedi-mamasi_590822283.jpg","@id":"https://www.cimri.com/kuru-kedi-mamasi/en-ucuz-nd-dusuk-tahilli-tavuklu-narli-10-kg-kisirlastirilmis-yetiskin-kedi-mamasi-fiyatlari,49338956","url":"https://www.cimri.com/kuru-kedi-mamasi/en-ucuz-nd-dusuk-tahilli-tavuklu-narli-10-kg-kisirlastirilmis-yetiskin-kedi-mamasi-fiyatlari,49338956","brand":{"@type":"Brand","name":"N&D"},"offers":{"@type":"AggregateOffer","@id":"https://www.cimri.com/arama#offers23","offerCount":3,"priceCurrency":"TRY","lowPrice":3940,"highPrice":4458.9,"availability":"https://schema.org/InStock","offers":[{"@type":"Offer","price":3940,"priceCurrency":"TRY","seller":{"@type":"Organization","name":"idefix"}},{"@type":"Offer","price":4329,"priceCurrency":"TRY","seller":{"@type":"Organization","name":"Hepsiburada"}},{"@type":"Offer","price":4458.9,"priceCurrency":"TRY","seller":{"@type":"Organization","name":"Petzzshop"}}]}}},{"@type":"ListItem","position":24,"item":{"@type":"Product","name":"Proplan Yetişkin Kediler İçin Somonlu 10 kg Kuru Kedi Maması","image":"https://cdn.cimri.io/image/1200x1200/proplan-yetiskin-kediler-icin-somonlu-10-kg-kuru-kedi-mamasi_240469508.jpg","@id":"https://www.cimri.com/kuru-kedi-mamasi/en-ucuz-proplan-yetiskin-kediler-icin-somonlu-10-kg-kuru-kedi-mamasi-fiyatlari,143459233","url":"https://www.cimri.com/kuru-kedi-mamasi/en-ucuz-proplan-yetiskin-kediler-icin-somonlu-10-kg-kuru-kedi-mamasi-fiyatlari,143459233","brand":{"@type":"Brand","name":"Pro Plan"},"offers":{"@type":"AggregateOffer","@id":"https://www.cimri.com/arama#offers24","offerCount":3,"priceCurrency":"TRY","lowPrice":3014.1,"highPrice":4006.8199999999997,"availability":"https://schema.org/InStock","offers":[{"@type":"Offer","price":3014.1,"priceCurrency":"TRY","seller":{"@type":"Organization","name":"Hepsiburada"}},{"@type":"Offer","price":3899,"priceCurrency":"TRY","seller":{"@type":"Organization","name":"Amazon"}},{"@type":"Offer","price":4006.8199999999997,"priceCurrency":"TRY","seller":{"@type":"Organization","name":"PttAVM"}}]}}},{"@type":"ListItem","position":25,"item":{"@type":"Product","name":"Mito 15 kg Tavuklu Yetişkin Kedi Maması","image":"https://cdn.cimri.io/image/1200x1200/mito-15-kg-tavuklu-yetiskin-kedi-mamasi_842972226.jpg","@id":"https://www.cimri.com/kuru-kedi-mamasi/en-ucuz-mito-15-kg-tavuklu-yetiskin-kedi-mamasi-fiyatlari,2250337488","url":"https://www.cimri.com/kuru-kedi-mamasi/en-ucuz-mito-15-kg-tavuklu-yetiskin-kedi-mamasi-fiyatlari,2250337488","brand":{"@type":"Brand","name":"Mito"},"offers":{"@type":"AggregateOffer","@id":"https://www.cimri.com/arama#offers25","offerCount":3,"priceCurrency":"TRY","lowPrice":1575,"highPrice":1799.1,"availability":"https://schema.org/InStock","offers":[{"@type":"Offer","price":1575,"priceCurrency":"TRY","seller":{"@type":"Organization","name":"MGS Group"}},{"@type":"Offer","price":1799.1,"priceCurrency":"TRY","seller":{"@type":"Organization","name":"idefix"}},{"@type":"Offer","price":1799.1,"priceCurrency":"TRY","seller":{"@type":"Organization","name":"n11"}}]}}},{"@type":"ListItem","position":26,"item":{"@type":"Product","name":"Homie 15 kg Premium Tavuklu Yetişkin Kedi Maması","image":"https://cdn.cimri.io/image/1200x1200/homie-15-kg-premium-tavuklu-yetiskin-kedi-mamasi_931856751.jpg","@id":"https://www.cimri.com/kuru-kedi-mamasi/en-ucuz-homie-15-kg-premium-tavuklu-yetiskin-kedi-mamasi-fiyatlari,2399091877","url":"https://www.cimri.com/kuru-kedi-mamasi/en-ucuz-homie-15-kg-premium-tavuklu-yetiskin-kedi-mamasi-fiyatlari,2399091877","brand":{"@type":"Brand","name":"Homie"},"offers":{"@type":"AggregateOffer","@id":"https://www.cimri.com/arama#offers26","offerCount":3,"priceCurrency":"TRY","lowPrice":1649,"highPrice":2100,"availability":"https://schema.org/InStock","offers":[{"@type":"Offer","price":1649,"priceCurrency":"TRY","seller":{"@type":"Organization","name":"petimemama"}},{"@type":"Offer","price":1950,"priceCurrency":"TRY","seller":{"@type":"Organization","name":"Pazarama"}},{"@type":"Offer","price":2100,"priceCurrency":"TRY","seller":{"@type":"Organization","name":"Hepsiburada"}}]}}},{"@type":"ListItem","position":27,"item":{"@type":"Product","name":"Felicia Az Tahıllı 2 kg Kuzu Etli Yetişkin HypoAllergenic Kedi Maması","image":"https://cdn.cimri.io/image/1200x1200/felicia-az-tahilli-2-kg-kuzu-etli-yetiskin-hypoallergenic-kedi-mamasi_842957959.jpg","@id":"https://www.cimri.com/kuru-kedi-mamasi/en-ucuz-felicia-az-tahilli-2-kg-kuzu-etli-yetiskin-hypoallergenic-kedi-mamasi-fiyatlari,2250323551","url":"https://www.cimri.com/kuru-kedi-mamasi/en-ucuz-felicia-az-tahilli-2-kg-kuzu-etli-yetiskin-hypoallergenic-kedi-mamasi-fiyatlari,2250323551","brand":{"@type":"Brand","name":"Felicia"},"offers":{"@type":"AggregateOffer","@id":"https://www.cimri.com/arama#offers27","offerCount":3,"priceCurrency":"TRY","lowPrice":531,"highPrice":575.04,"availability":"https://schema.org/InStock","offers":[{"@type":"Offer","price":531,"priceCurrency":"TRY","seller":{"@type":"Organization","name":"Hepsiburada"}},{"@type":"Offer","price":566.1,"priceCurrency":"TRY","seller":{"@type":"Organization","name":"idefix"}},{"@type":"Offer","price":575.04,"priceCurrency":"TRY","seller":{"@type":"Organization","name":"Pazarama"}}]}}},{"@type":"ListItem","position":28,"item":{"@type":"Product","name":"Reflex Plus Somonlu Hairball 15 kg Kedi Maması","image":"https://cdn.cimri.io/image/1200x1200/reflex-plus-somonlu-hairball-15-kg-kedi-mamasi_254283574.jpg","@id":"https://www.cimri.com/kuru-kedi-mamasi/en-ucuz-reflex-plus-somonlu-hairball-15-kg-kedi-mamasi-fiyatlari,519584298","url":"https://www.cimri.com/kuru-kedi-mamasi/en-ucuz-reflex-plus-somonlu-hairball-15-kg-kedi-mamasi-fiyatlari,519584298","brand":{"@type":"Brand","name":"Reflex"},"offers":{"@type":"AggregateOffer","@id":"https://www.cimri.com/arama#offers28","offerCount":3,"priceCurrency":"TRY","lowPrice":2573,"highPrice":2589,"availability":"https://schema.org/InStock","offers":[{"@type":"Offer","price":2573,"priceCurrency":"TRY","seller":{"@type":"Organization","name":"Mama Al"}},{"@type":"Offer","price":2588.9,"priceCurrency":"TRY","seller":{"@type":"Organization","name":"Petzzshop"}},{"@type":"Offer","price":2589,"priceCurrency":"TRY","seller":{"@type":"Organization","name":"Hepsiburada"}}]}}},{"@type":"ListItem","position":29,"item":{"@type":"Product","name":"Pro Plan Vital Functions Adult 3 kg Somonlu Kedi Maması","image":"https://cdn.cimri.io/image/1200x1200/pro-plan-vital-functions-adult-3-kg-somonlu-kedi-mamasi_832322228.jpg","@id":"https://www.cimri.com/kuru-kedi-mamasi/en-ucuz-pro-plan-vital-functions-adult-somonlu-3-kg-yetiskin-kedi-mamasi-fiyatlari,2254191234","url":"https://www.cimri.com/kuru-kedi-mamasi/en-ucuz-pro-plan-vital-functions-adult-somonlu-3-kg-yetiskin-kedi-mamasi-fiyatlari,2254191234","brand":{"@type":"Brand","name":"Pro Plan"},"offers":{"@type":"AggregateOffer","@id":"https://www.cimri.com/arama#offers29","offerCount":3,"priceCurrency":"TRY","lowPrice":926.1,"highPrice":1260.03,"availability":"https://schema.org/InStock","offers":[{"@type":"Offer","price":926.1,"priceCurrency":"TRY","seller":{"@type":"Organization","name":"Çiçeksepeti"}},{"@type":"Offer","price":1075,"priceCurrency":"TRY","seller":{"@type":"Organization","name":"PttAVM"}},{"@type":"Offer","price":1260.03,"priceCurrency":"TRY","seller":{"@type":"Organization","name":"idefix"}}]}}},{"@type":"ListItem","position":30,"item":{"@type":"Product","name":"Whiskas 12x85 gr Junior Pouch Kümes Hayvanlı Yavru Kedi Yaş Maması","image":"https://cdn.cimri.io/image/1200x1200/whiskas-12x85-gr-junior-pouch-kumes-hayvanli-yavru-kedi-yas-mamasi_761462849.jpg","@id":"https://www.cimri.com/konserve-yas-kedi-mamasi/en-ucuz-whiskas-12x85-gr-junior-pouch-kumes-hayvanli-yavru-kedi-yas-mamasi-fiyatlari,2213037373","url":"https://www.cimri.com/konserve-yas-kedi-mamasi/en-ucuz-whiskas-12x85-gr-junior-pouch-kumes-hayvanli-yavru-kedi-yas-mamasi-fiyatlari,2213037373","brand":{"@type":"Brand","name":"Whiskas"},"offers":{"@type":"AggregateOffer","@id":"https://www.cimri.com/arama#offers30","offerCount":3,"priceCurrency":"TRY","lowPrice":319.15,"highPrice":336.5,"availability":"https://schema.org/InStock","offers":[{"@type":"Offer","price":319.15,"priceCurrency":"TRY","seller":{"@type":"Organization","name":"n11"}},{"@type":"Offer","price":320.31,"priceCurrency":"TRY","seller":{"@type":"Organization","name":"idefix"}},{"@type":"Offer","price":336.5,"priceCurrency":"TRY","seller":{"@type":"Organization","name":"Kolay Mama"}}]}}},{"@type":"ListItem","position":31,"item":{"@type":"Product","name":"N&D Tropical Selection üşük Tahıllı Tavuklu ve Tropikal Meyveli 10 kg Kısırlaştırılmış Kedi Maması","image":"https://cdn.cimri.io/image/1200x1200/nd-tropical-selection-usuk-tahilli-tavuklu-ve-tropikal-meyveli-10-kg-kisirlastirilmis-kedi-mamasi_842949150.jpg","@id":"https://www.cimri.com/kuru-kedi-mamasi/en-ucuz-nd-tropical-selection-dusuk-tahilli-tavuklu-ve-tropikal-meyveli-10-kg-kisirlastirilmis-kedi-mamasi-fiyatlari,2250299651","url":"https://www.cimri.com/kuru-kedi-mamasi/en-ucuz-nd-tropical-selection-dusuk-tahilli-tavuklu-ve-tropikal-meyveli-10-kg-kisirlastirilmis-kedi-mamasi-fiyatlari,2250299651","brand":{"@type":"Brand","name":"N&D"},"offers":{"@type":"AggregateOffer","@id":"https://www.cimri.com/arama#offers31","offerCount":3,"priceCurrency":"TRY","lowPrice":3564.9,"highPrice":3682.62,"availability":"https://schema.org/InStock","offers":[{"@type":"Offer","price":3564.9,"priceCurrency":"TRY","seller":{"@type":"Organization","name":"Petzzshop"}},{"@type":"Offer","price":3565,"priceCurrency":"TRY","seller":{"@type":"Organization","name":"Hepsiburada"}},{"@type":"Offer","price":3682.62,"priceCurrency":"TRY","seller":{"@type":"Organization","name":"PttAVM"}}]}}},{"@type":"ListItem","position":32,"item":{"@type":"Product","name":"Molly 15 kg Sterilised Hypoallergenic Düşük Tahıllı Somonlu Kısırlaştırılmış Yetişkin Kedi Maması","image":"https://cdn.cimri.io/image/1200x1200/molly-15-kg-sterilised-hypoallergenic-dusuk-tahilli-somonlu-kisirlastirilmis-yetiskin-kedi-mamasi_635360401.jpg","@id":"https://www.cimri.com/kuru-kedi-mamasi/en-ucuz-molly-15-kg-sterilised-hypoallergenic-dusuk-tahilli-somonlu-kisirlastirilmis-yetiskin-kedi-mamasi-fiyatlari,2088816025","url":"https://www.cimri.com/kuru-kedi-mamasi/en-ucuz-molly-15-kg-sterilised-hypoallergenic-dusuk-tahilli-somonlu-kisirlastirilmis-yetiskin-kedi-mamasi-fiyatlari,2088816025","brand":{"@type":"Brand","name":"Molly"},"offers":{"@type":"AggregateOffer","@id":"https://www.cimri.com/arama#offers32","offerCount":2,"priceCurrency":"TRY","lowPrice":2599,"highPrice":4287.5,"availability":"https://schema.org/InStock","offers":[{"@type":"Offer","price":2599,"priceCurrency":"TRY","seller":{"@type":"Organization","name":"idefix"}},{"@type":"Offer","price":4287.5,"priceCurrency":"TRY","seller":{"@type":"Organization","name":"PttAVM"}}]}}}]}</script><script>
          window.previousPageType = window.sessionStorage.getItem('previousPageType') || null;
          window.sessionStorage.setItem('previousPageType', "urun-listeleme");
          window.previousSubPageType = window.sessionStorage.getItem('previousSubPageType') || null;
          window.sessionStorage.setItem('previousSubPageType', "search");
          var platform = (navigator.platform || '').substring(0, 2) === 'iP' ? 'app-ios' : 'app-android';
          var prevAction = window.sessionStorage.getItem('prevAction') || 'other';
          var queryTerm = window.sessionStorage.getItem('query_term') || 'no-search';
          var prevFilter = window.sessionStorage.getItem('prevFilter') || 'no-filter';
          window.sessionStorage.removeItem('prevAction');
          window.sessionStorage.removeItem('query_term');
          window.sessionStorage.removeItem('prevFilter');
          window.dataLayer = window.dataLayer || [];
          </script><script>
          window.sessionStorage.setItem('previousSubPageType', "search");
          window.dataLayer.push({
            'page_type': 'urun-listeleme',
            'page_sub_type': 'search',
            'site_type': 'cimri',
            'previous_page_type': window.previousPageType,
            'previous_sub_page_type': window.previousSubPageType,
            'platform': 'web-desktop',
            'query_term': queryTerm,
            'item_category': "other",
            'previous_action': prevAction,
            'product_count': '43755',
            'category_sponsored': 'no',
            'previous_filter': prevFilter,
          });</script><link rel="preload" crossorigin="anonymous" as="font" type="font/woff2" href="https://assets.cimri.com/assets/turbo-desktop/assets/font-inter.woff2?v=2"><style>@font-face{font-family:"Inter";font-style:normal;font-weight:400 600;src:url(https://assets.cimri.com/assets/turbo-desktop/assets/font-inter.woff2?v=2) format('woff2');font-display:swap;}</style><link rel="preload" as="font" type="font/woff2" crossorigin="anonymous" href="https://assets.cimri.com/assets/font-icons/fonts/1.0.28/cimri-icon.woff2"><style> @font-face {  font-family: "cimri-icon";  src: url('https://assets.cimri.com/assets/font-icons/fonts/1.0.28/cimri-icon.eot'); /* IE9*/  src: url('https://assets.cimri.com/assets/font-icons/fonts/1.0.28/cimri-icon.eot?#iefix') format('embedded-opentype'), /* IE6-IE8 */  url("https://assets.cimri.com/assets/font-icons/fonts/1.0.28/cimri-icon.woff2") format("woff2"),  url("https://assets.cimri.com/assets/font-icons/fonts/1.0.28/cimri-icon.woff") format("woff"),  url('https://assets.cimri.com/assets/font-icons/fonts/1.0.28/cimri-icon.ttf') format('truetype'), /* chrome, firefox, opera, Safari, Android, iOS 4.2+*/  url('https://assets.cimri.com/assets/font-icons/fonts/1.0.28/cimri-icon.svg?#cimri-icon') format('svg'); /* iOS 4.1- */  font-display: swap;}[class^="cimri-icon-"], [class*=" cimri-icon-"] {  font-family: 'cimri-icon' !important;  font-size:24px;  font-style:normal;  -webkit-font-smoothing: antialiased;  -moz-osx-font-smoothing: grayscale;}</style><style>.cimri-icon-alarm-clock-time:before{content:"\ea01";}.cimri-icon-analytics:before{content:"\ea02";}.cimri-icon-arrow-down-cheapest:before{content:"\ea03";}.cimri-icon-arrow-down:before{content:"\ea04";}.cimri-icon-arrow-download-down-sale:before{content:"\ea05";}.cimri-icon-arrow-left-back:before{content:"\ea06";}.cimri-icon-arrow-left-next:before{content:"\ea07";}.cimri-icon-arrow-long-up:before{content:"\ea08";}.cimri-icon-arrow-right-next:before{content:"\ea09";}.cimri-icon-arrow-right:before{content:"\ea0a";}.cimri-icon-arrow-undo:before{content:"\ea0b";}.cimri-icon-arrow-up-right-open-link:before{content:"\ea0c";}.cimri-icon-arrow-up:before{content:"\ea0d";}.cimri-icon-arrows-compare:before{content:"\ea0e";}.cimri-icon-attachment:before{content:"\ea0f";}.cimri-icon-avatar-login:before{content:"\ea10";}.cimri-icon-avatar-register:before{content:"\ea11";}.cimri-icon-battery:before{content:"\ea12";}.cimri-icon-bell:before{content:"\ea13";}.cimri-icon-blank-money-banknote:before{content:"\ea14";}.cimri-icon-book-user-small:before{content:"\ea15";}.cimri-icon-book:before{content:"\ea16";}.cimri-icon-bookmarks-label-tag-delete-cross:before{content:"\ea17";}.cimri-icon-brochures:before{content:"\ea18";}.cimri-icon-calendar:before{content:"\ea19";}.cimri-icon-camera:before{content:"\ea1a";}.cimri-icon-candy:before{content:"\ea1b";}.cimri-icon-categories:before{content:"\ea1c";}.cimri-icon-certificate:before{content:"\ea1d";}.cimri-icon-check-circle:before{content:"\ea1e";}.cimri-icon-check:before{content:"\ea1f";}.cimri-icon-christmas-tree:before{content:"\ea20";}.cimri-icon-cimri-blog-logo:before{content:"\ea21";}.cimri-icon-clear-circle:before{content:"\ea22";}.cimri-icon-clear:before{content:"\ea23";}.cimri-icon-clock-time-coins-deposit:before{content:"\ea24";}.cimri-icon-coins:before{content:"\ea25";}.cimri-icon-cosmetic-make-up-lipstick:before{content:"\ea26";}.cimri-icon-credit-card-cut-dotted-line:before{content:"\ea27";}.cimri-icon-credit-card-search-right-bottom:before{content:"\ea28";}.cimri-icon-credit-card:before{content:"\ea29";}.cimri-icon-currency-lira:before{content:"\ea2a";}.cimri-icon-discount:before{content:"\ea2b";}.cimri-icon-edit:before{content:"\ea2c";}.cimri-icon-error:before{content:"\ea2d";}.cimri-icon-eye-hidden:before{content:"\ea2e";}.cimri-icon-eye-show:before{content:"\ea2f";}.cimri-icon-facebook:before{content:"\ea30";}.cimri-icon-fashion-t-shirt:before{content:"\ea31";}.cimri-icon-filter-sort:before{content:"\ea32";}.cimri-icon-flag:before{content:"\ea33";}.cimri-icon-hands-water-prop:before{content:"\ea34";}.cimri-icon-happy-face:before{content:"\ea35";}.cimri-icon-heart:before{content:"\ea36";}.cimri-icon-history-clock:before{content:"\ea37";}.cimri-icon-home-lifestyle:before{content:"\ea38";}.cimri-icon-image:before{content:"\ea39";}.cimri-icon-info:before{content:"\ea3a";}.cimri-icon-instagram:before{content:"\ea3b";}.cimri-icon-light-stars:before{content:"\ea3c";}.cimri-icon-like:before{content:"\ea3d";}.cimri-icon-linkedin:before{content:"\ea3e";}.cimri-icon-list-search:before{content:"\ea3f";}.cimri-icon-loader:before{content:"\ea40";}.cimri-icon-logout-exit:before{content:"\ea41";}.cimri-icon-medal-award:before{content:"\ea42";}.cimri-icon-minus:before{content:"\ea43";}.cimri-icon-money-banknote-angular:before{content:"\ea44";}.cimri-icon-money-banknote-checkmark:before{content:"\ea45";}.cimri-icon-money-banknote:before{content:"\ea46";}.cimri-icon-money-coins-exchange:before{content:"\ea47";}.cimri-icon-money-coins:before{content:"\ea48";}.cimri-icon-more-vert:before{content:"\ea49";}.cimri-icon-mother-baby-bottle:before{content:"\ea4a";}.cimri-icon-neutral-face:before{content:"\ea4b";}.cimri-icon-no-offer:before{content:"\ea4c";}.cimri-icon-palette:before{content:"\ea4d";}.cimri-icon-pets-animals-pet-shop:before{content:"\ea4e";}.cimri-icon-phone-only-mobile:before{content:"\ea4f";}.cimri-icon-phone:before{content:"\ea50";}.cimri-icon-plus:before{content:"\ea51";}.cimri-icon-radio-checked:before{content:"\ea52";}.cimri-icon-ring:before{content:"\ea53";}.cimri-icon-rocket:before{content:"\ea54";}.cimri-icon-sad-face:before{content:"\ea55";}.cimri-icon-sale-discount-promotion:before{content:"\ea56";}.cimri-icon-sale-started-minutes-ago-calendar-procent:before{content:"\ea57";}.cimri-icon-search-loupe-gaph-popular-search:before{content:"\ea58";}.cimri-icon-search-zoom-plus:before{content:"\ea59";}.cimri-icon-search:before{content:"\ea5a";}.cimri-icon-shield-user-protection:before{content:"\ea5b";}.cimri-icon-shopping-basket-cimri-market:before{content:"\ea5c";}.cimri-icon-slider-arrows:before{content:"\ea5d";}.cimri-icon-smiley:before{content:"\ea5e";}.cimri-icon-sport-football:before{content:"\ea5f";}.cimri-icon-star:before{content:"\ea60";}.cimri-icon-store:before{content:"\ea61";}.cimri-icon-thumbs-up:before{content:"\ea62";}.cimri-icon-time-timer:before{content:"\ea63";}.cimri-icon-tools-drill-hardware-store:before{content:"\ea64";}.cimri-icon-trash:before{content:"\ea65";}.cimri-icon-truck-checkmark:before{content:"\ea66";}.cimri-icon-truck-fast:before{content:"\ea67";}.cimri-icon-twitter:before{content:"\ea68";}.cimri-icon-user-profile:before{content:"\ea69";}.cimri-icon-warning:before{content:"\ea6a";}.cimri-icon-youtube:before{content:"\ea6b";}</style><style>html{box-sizing:border-box}html,body{background:#fff;font-family:"Inter",-apple-system,BlinkMacSystemFont,Roboto,Arial,Helvetica,sans-serif;padding:0;margin:0;-webkit-text-size-adjust:none}body{overflow-x:hidden}*,*:before,*:after{box-sizing:inherit;-webkit-tap-highlight-color:rgba(0,0,0,0)}a{-webkit-text-decoration:none;text-decoration:none;color:inherit;cursor:pointer}a:link,a:visited{-webkit-text-decoration:none;text-decoration:none;cursor:pointer}a:link:active,a:visited:active{color:inherit}button,input,optgroup,select,textarea{font-family:inherit;margin:0}button,input{overflow:visible}button,select{text-transform:none}button,[type=button],[type=reset],[type=submit]{-webkit-appearance:button;border:none}button:focus{outline:none}textarea:focus,input:focus{outline:none}textarea,input{border:none}.locked{position:fixed;top:0;left:0;right:0;width:100%;overflow-y:scroll}img{font-size:0}.image-fallback{display:none;width:100%;align-items:center;flex-direction:column}.image-fallback .cimri-icon-image{font-size:48px;color:#68727e}.image-fallback .error{color:#68727e;font-size:12px;height:16px;line-height:16px}#__next .image-fallback,#octopus .image-fallback{display:flex}img[data-adultimage=true]{display:none}
@keyframes SrYUd{50%{transform:translate(-50%, 0)}}.ZgaDS{margin:0 auto;position:relative;width:100%;padding-left:24px;padding-right:24px;min-width:960px}@media(min-width: 960px){.ZgaDS{max-width:960px}}@media(min-width: 1200px){.ZgaDS{max-width:1196px;padding-left:16px;padding-right:16px}}
.pcbw6{display:flex;color:#364354;align-items:center;justify-content:center;background-color:rgba(0,0,0,0);cursor:pointer}.pcbw6 .n6sjJ{font-style:normal;font-weight:500;font-size:12px;line-height:16px;margin-left:4px}.pcbw6:hover{color:#68727e}
@keyframes NfyuM{50%{transform:translate(-50%, 0)}}.lc8Iw{display:flex;justify-content:space-between;align-items:center}.lc8Iw .UenQg{display:flex;justify-content:space-between}.lc8Iw .UenQg .gfrbn{position:relative;display:block;font-style:normal;font-weight:500;font-size:16px;line-height:24px;letter-spacing:-0.02em;color:#364354;padding:16px 10px 8px;margin-right:10px;cursor:pointer;-webkit-text-decoration:none;text-decoration:none;width:auto}.lc8Iw .UenQg .gfrbn:visited{color:#364354}.lc8Iw .UenQg .gfrbn:hover{color:#68727e}.lc8Iw .UenQg .mBv5i{color:#0786e7}.lc8Iw .UenQg .mBv5i:visited{color:#0786e7}.lc8Iw .UenQg .mBv5i>div{display:block;position:absolute;bottom:0;right:0;height:4px;width:100%;background-color:#0786e7;border-radius:8px 8px 0 0}
.GtZ3T{width:103px;text-align:center;font-weight:500;border:none;display:flex;align-items:center;justify-content:center;cursor:pointer}.GtZ3T span:hover{background:none;-webkit-text-decoration:underline;text-decoration:underline;text-underline-offset:4px}.v17ch{line-height:16px;font-size:12px}.bD36s{font-size:14px;line-height:20px}.NtBc7{font-size:14px;line-height:20px}.iM5fJ{font-size:16px;line-height:24px;letter-spacing:-0.02em}.zuuB3{color:#0786e7}.IZHk_{color:#fff}.nI5D4{width:auto}.w3xht{pointer-events:none;color:#9aa1a9}.vmCw3{display:flex;align-items:center;justify-content:center}
.ktYB1{-webkit-text-decoration:none;text-decoration:none}
@keyframes q0Mdk{50%{transform:translate(-50%, 0)}}.wjU9o .r3N4E{display:flex;align-items:center;cursor:pointer}.wjU9o .__2qn{display:flex;transform:rotate(90deg)}.wjU9o .__2qn i{color:#364354}.wjU9o .Tm7Me .__2qn i{transform:rotate(180deg);color:#fff}.wjU9o .AT_9r{padding-top:20px;display:flex}.wjU9o .AT_9r .fXFD4{margin-right:44px}@media(max-width: 1199px){.wjU9o .AT_9r .fXFD4{margin-right:15px}}.wjU9o .AT_9r .fXFD4 img{padding:1px}.wjU9o .jyKWk{width:100%;margin-left:24px;margin-right:38px}@media(max-width: 1199px){.wjU9o .jyKWk{margin-left:16px;margin-right:15px}}.wjU9o .Ut0Q3{margin-top:8px}@media(max-width: 1199px){.wjU9o .Ut0Q3{display:none}}@media(min-width: 1200px){.wjU9o .Ut0Q3{margin-bottom:16px}}.wjU9o .M3bA3{font-weight:400;font-size:10px;line-height:16px;text-align:center;color:#9aa1a9;margin-right:16px}.wjU9o .M3bA3:hover{color:#364354}@media(max-width: 1199px){.wjU9o .M3bA3{margin-right:8px}}.wjU9o .IOP5T{display:flex;height:48px;align-items:center}.wjU9o .J5iFR{display:flex}.wjU9o .jF7U0{box-shadow:none}.wjU9o .Od86S{display:flex;flex-direction:column;align-items:center;margin:0px 10px;color:#364354}.wjU9o .Od86S:last-child{margin-right:0px}.wjU9o .Od86S:hover{color:#0786e7}.wjU9o .Od86S:hover .jF7U0{background:#0786e7;color:#e6f3fd}.wjU9o .Od86S:active .jF7U0{background:#0786e7;color:#e6f3fd}.wjU9o .Od86S span{margin-top:4px;font-weight:500;font-size:12px;line-height:24px;white-space:nowrap;text-align:center}
.Ifjnt{display:flex;justify-content:space-between;align-items:center;cursor:pointer}.Ifjnt .menu-category-item-content{display:flex;align-items:center;height:40px;font-weight:500;font-size:14px;line-height:24px;white-space:nowrap;color:#364354}.Ifjnt .menu-category-item-content .menu-category-item-icon{display:flex;align-items:center;justify-content:center;color:#364354;margin-right:16px;border-radius:8px;width:40px;height:40px;font-size:16px;font-weight:500;line-height:24px;letter-spacing:-0.02em}.Ifjnt .menu-category-item-content .menu-category-item-label{display:flex;align-items:center;height:40px;font-weight:500;font-size:14px;line-height:24px;white-space:nowrap;color:#364354}
.JazSU .menu-category-item-icon{background-color:#e6f3fd !important;color:#0786e7 !important}.JazSU .ORMnY{display:none;width:24px;height:24px;color:#0786e7}.JazSU:hover .menu-category-item-icon,.JazSU.zG2Sk .menu-category-item-icon{background-color:#0786e7 !important;color:#e6f3fd !important}.JazSU:hover .menu-category-item-label,.JazSU.zG2Sk .menu-category-item-label{color:#0786e7 !important}.JazSU:hover .ORMnY,.JazSU.zG2Sk .ORMnY{display:flex}
.yYNG9 .menu-category-item-icon{background-color:#e6f3fd !important;color:#0786e7 !important}.yYNG9 .DX_tN{width:24px;height:24px;background-color:#e6f3fd;color:#0786e7}.yYNG9:hover .menu-category-item-icon,.yYNG9.Kudxg .menu-category-item-icon{background-color:#3ab424 !important;color:#fff !important}.yYNG9:hover .menu-category-item-label,.yYNG9.Kudxg .menu-category-item-label{color:#3ab424 !important}.yYNG9:hover .DX_tN,.yYNG9.Kudxg .DX_tN{background-color:#3ab424;color:#fff}
.DyUzZ .menu-category-item-icon{margin-right:4px !important}.DyUzZ .fixmA{background-color:#ffecef;color:#e82038;border-radius:28px;font-size:10px;line-height:12px;font-weight:600;margin-left:8px;padding:4px 8px}
@keyframes hrZKO{50%{transform:translate(-50%, 0)}}.uvWrt{display:flex;flex-direction:column;width:362px;padding-top:16px;background:#fff;box-shadow:0px 4px 8px -4px rgba(41,50,63,.26),0px 12px 24px -2px rgba(41,50,63,.4);border-radius:8px;position:absolute;top:-60px;left:-16px}@media(min-width: 1200px){.uvWrt{width:582px}}.uvWrt .eVFMO{display:flex;align-items:center;box-sizing:border-box;flex:1;margin-right:16px;margin-left:16px;background-color:#e6f3fd;border:2px solid #0786e7;border-radius:4px;min-height:44px;margin-bottom:8px}.uvWrt .eVFMO .j7_YU{margin-right:13px}.C3KlU{cursor:pointer;display:flex;justify-content:space-between;align-items:center;border:2px solid #0786e7;border-radius:4px;height:44px;padding-left:16px}@media(max-width: 1199px){.C3KlU{width:320px}}.C3KlU .zm2vx{color:#68727e;font-weight:500;font-size:14px}.C3KlU .Zhail{display:flex;align-items:center;justify-content:center;width:79px;height:100%;background-color:#0786e7;color:#fff}
.HyIkj{display:flex;align-items:center;flex-direction:column}.HyIkj button{box-shadow:none}.HyIkj div:first-of-type :first-child{background-color:#e6f3fd;color:#0786e7;overflow:hidden}.HyIkj div:first-of-type :first-child span{height:40px;width:40px;text-align:center;display:flex;align-items:center;justify-content:center;line-height:24px;font-size:16px;margin-top:0px !important}.HyIkj .udYsy{display:flex;align-items:center;margin-top:4px}.HyIkj .udYsy span{margin-right:3px;margin-top:0 !important}.HyIkj .udYsy i{transform:rotate(90deg)}.HyIkj:hover .udYsy{color:#364354}.FhydY .HyIkj div:first-of-type :first-child{background:#fff}.FhydY .HyIkj .udYsy i{transform:rotate(270deg);color:#fff}
@keyframes uzblB{50%{transform:translate(-50%, 0)}}.Rupcg{border:3px solid #f3f3f3;border-top:3px solid #9aa1a9;border-radius:50%;width:16px;height:16px;animation:MFdCY .9s linear infinite}@keyframes MFdCY{0%{transform:rotate(0deg)}100%{transform:rotate(360deg)}}@keyframes uzblB{50%{transform:translate(-50%, 0)}}.nnPQT,.V6O3I{border:0;padding:0;cursor:pointer;display:inline-block;border-radius:4px;display:flex;align-items:center;justify-content:center;box-shadow:0px 4px 4px -4px rgba(41,50,63,.02),0px 1px 2px rgba(41,50,63,.06);border-radius:50%;flex-shrink:0}.u0OCd{display:flex;align-items:center;justify-content:center;color:inherit}.EnWFQ{color:#364354;background-color:#fff}.EGJh3{color:#fff;background-color:#0786e7}.mlotd{color:#0786e7;background-color:#e6f3fd}@media(min-width: 960px){.EnWFQ:hover{background:#ebecee}.EnWFQ:active{background:#ccd0d4}.EGJh3:hover{background:#0564ad}.EGJh3:active{background:#034373}.mlotd:hover{color:#fff;background-color:#0786e7}.mlotd:active{color:#fff;background:#034373}}.uf1Ue{color:#fff;background-color:#ff6174}.uf1Ue:active{background-color:#e82038}.uf1Ue:hover{background-color:#fff}.w4GzY{background-color:#ebecee}.w4GzY:hover{background-color:#ccd0d4}.ZriO3{background-color:#ebecee;opacity:.5}.ZriO3:hover{background-color:#ccd0d4}.AusLa{font-size:12px;height:32px;width:32px;font-weight:500;line-height:16px}.j95d6{height:36px;width:36px;font-style:normal;font-weight:500;font-size:12px;line-height:16px}.wP06Y{font-style:normal;font-weight:500;font-size:14px;line-height:20px;height:40px;width:40px}.R_9ld{font-size:16px;height:48px;width:48px;font-style:normal;font-weight:500;font-size:14px;line-height:20px}.R_9ld .Rupcg{width:24px;height:24px}.x1KFt{background:#ccd0d4;pointer-events:none;color:#9aa1a9}.nflKW{border-radius:4px}
.h1nVU{display:flex;box-sizing:content-box}.h1nVU.sj1Ys:after{content:"";position:fixed;z-index:15;left:0;top:0;width:100%;height:100%;overflow:auto;background-color:rgba(27,33,42,.5);-webkit-backdrop-filter:blur(2px);backdrop-filter:blur(2px)}.h1nVU.sj1Ys .e5Qhm{z-index:16}.h1nVU.sj1Ys .e5Qhm .CF_8n{color:#fff;pointer-events:none}.h1nVU .e5Qhm{display:inline-flex;flex-direction:column;position:relative;width:100%}.h1nVU .e5Qhm.EuicZ{align-items:center}.h1nVU .e5Qhm.OC_6c{display:flex;align-items:flex-end}.h1nVU .e5Qhm .Hf43X{display:none}.h1nVU .e5Qhm .CF_8n{width:100%;cursor:pointer;color:#364354}.h1nVU .e5Qhm .dXrUP{padding:24px;background:#fff;box-shadow:0px 4px 8px -4px rgba(41,50,63,.26),0px 12px 24px -2px rgba(41,50,63,.4);border-radius:8px;position:absolute;top:27px}.h1nVU .e5Qhm .dXrUP.mqXWz{top:34px}.h1nVU .e5Qhm .dXrUP.mqXWz:after{content:"";position:absolute;top:-4px;width:18px;height:18px;border-radius:5px;background:#fff;transform:rotate(45deg);left:0;right:0;margin:0 auto}
.Zn4PO{border-bottom:1px solid #ebecee}
@keyframes XsQKj{50%{transform:translate(-50%, 0)}}.v9kcb.YI1vi{max-width:100%;height:250px;display:flex;align-items:center;justify-content:center;overflow-x:hidden;background-color:#ebecee}.v9kcb.YI1vi>*+*{display:none}.v9kcb.SwIB7{position:-webkit-sticky;position:sticky;top:15px;z-index:12 !important}.v9kcb.cwnyj{position:fixed;top:0px;left:0px;width:0px;height:0px;z-index:16 !important}.v9kcb.HLm74{max-width:968px;width:100%;height:90px;overflow-x:hidden;display:flex;align-items:center;justify-content:center}.v9kcb.f91xG{max-width:100%;overflow-x:hidden;margin:40px 0;height:282px;background-color:#ebecee;display:flex;align-items:center;justify-content:center}@media(max-width: 1199px){.v9kcb.f91xG>div{scale:.9}}.v9kcb.DPcbI{height:48px;max-width:500px;width:100%;overflow-x:hidden;margin:16px;margin-top:0}
.coXDp{display:flex;flex-direction:column;align-items:flex-end;width:0;position:absolute;top:0;height:calc(100% - 100px)}.coXDp.wVKQD{left:0;align-items:flex-end}.coXDp.vjAiw{right:0;align-items:flex-start}.coXDp.JGp3C{top:128px}.coXDp.JGp3C.f2QvP{top:56px}.coXDp.v33Jm{top:152px}
@keyframes vQxpJ{50%{transform:translate(-50%, 0)}}.lz_rU{margin:0 24px}@media(min-width: 1200px){.lz_rU{margin:0}}.lz_rU .wI9_e{font-size:16px;font-weight:500;line-height:24px;letter-spacing:-0.02em}.Yd4kS{display:flex;margin-top:16px;flex-wrap:wrap}.UZhA4{margin-right:16px;margin-bottom:16px;width:181px;display:flex;flex-direction:column;padding:16px 0;background-color:#364354;border-radius:8px;align-items:center}.UZhA4 div{display:none}.UZhA4:last-child{margin-right:0}.UZhA4 div{margin-top:16px;display:flex}.UZhA4 a{display:flex}
@keyframes eeHhd{50%{transform:translate(-50%, 0)}}.bxikN{position:relative;display:flex;flex-direction:column;justify-content:center;align-items:center;text-align:center;padding:24px 0;overflow:hidden;margin-top:40px}.bxikN:before{content:"";position:absolute;width:200%;height:100%;top:0;left:0;background-image:linear-gradient(90deg, rgb(255, 236, 239) 0%, rgb(193, 224, 249) 35%, rgb(255, 236, 239) 100%);background-size:100%;background-repeat:no-repeat;animation:eeHhd 3s cubic-bezier(0.34, 0, 0.21, 1) infinite}@media(min-width: 1200px){.bxikN{flex-direction:row;padding:16px 0}.bxikN .aPTv_{max-width:max-content;margin-right:40px;margin-bottom:0}}.bxikN.omzLO{margin-top:68px}.aPTv_{color:#364354;font-size:16px;line-height:24px;font-weight:600;margin-bottom:16px;position:relative}.cU1w2{position:relative;width:100%;font-size:14px}.cU1w2 :first-child{margin-right:8px}@media(min-width: 768px){.cU1w2{max-width:297px}}
@keyframes SpoOp{50%{transform:translate(-50%, 0)}}.NhxHA{border:3px solid #f3f3f3;border-top:3px solid #9aa1a9;border-radius:50%;width:16px;height:16px;animation:gcAcL .9s linear infinite}@keyframes gcAcL{0%{transform:rotate(0deg)}100%{transform:rotate(360deg)}}.Mz1wq{cursor:pointer;display:inline-block;border-radius:4px;border:1px solid rgba(0,0,0,0);display:flex;align-items:center;justify-content:center}.npKWR{color:#364354;border:1px solid #ebecee;background-color:#fff}.npKWR:hover{background:#ebecee}.npKWR:active{background:#ccd0d4}.lHMnV{color:#fff;background-color:#0786e7}.lHMnV:hover{background:#0564ad}.lHMnV:active{background:#034373}.LDIzJ{color:#0786e7;background-color:#e6f3fd}.LDIzJ:hover{color:#fff;background-color:#0786e7}.LDIzJ:active{color:#fff;background:#034373}.XfOZh{width:auto;background:rgba(0,0,0,0);border:0;padding:0}.XfOZh:hover{background-color:rgba(0,0,0,0)}.XfOZh.koiag{height:auto}.BDhIx{font-size:12px;height:32px;font-weight:500;line-height:16px}.BDhIx .xm6yg{margin-right:7px}.BDhIx:has(.xm6yg){width:116px}.koiag{height:36px;font-style:normal;font-weight:500;font-size:12px;line-height:16px}.koiag .xm6yg{margin-right:9px}.koiag:has(.xm6yg){width:139px}.DSJzY{font-style:normal;font-weight:500;font-size:14px;line-height:20px;height:40px}.DSJzY .xm6yg{margin-right:13px;margin-left:13px}.DSJzY .xm6yg i{color:#364354}.DSJzY:has(.xm6yg){width:169px}.Rl9Tw{font-size:16px;height:48px;font-style:normal;font-weight:500;line-height:20px}.Rl9Tw .NhxHA{width:24px;height:24px}.Rl9Tw .xm6yg{margin-right:13px}.Rl9Tw:has(.xm6yg){width:185px}.XGPJu{background:#ebecee;pointer-events:none;color:#9aa1a9}.HMqHc{border-radius:64px}.xm6yg{display:flex;align-items:center;justify-content:center}.c_TQy{width:100% !important}
.wEXMr .Qpcqf{z-index:110;background-color:#68727e;opacity:.8;position:fixed}.wEXMr .bqST0{bottom:40px;right:40px;color:#fff;font-size:32px}.wEXMr .bqST0.Qpcqf:hover{background-color:#68727e;opacity:1}.wEXMr ._t0r7{bottom:24px;right:24px;color:#fff}.wEXMr ._t0r7 i{font-size:32px}.wEXMr .tjvWG{display:flex}.wEXMr .vxjhU{display:none}
@keyframes fHy7l{50%{transform:translate(-50%, 0)}}@media(max-width: 1199px){.kndbE{width:176px !important;height:425px !important}}
@keyframes _XHaW{50%{transform:translate(-50%, 0)}}.EdUIH{display:flex;flex-wrap:nowrap;flex-direction:row;align-items:stretch;gap:8px;overflow-x:auto;padding-bottom:20px}@media(min-width: 1200px){.EdUIH{gap:16px}}
@keyframes FaQ1C{50%{transform:translate(-50%, 0)}}.TG3ul .ZZN3d{overflow-x:auto;-ms-overflow-style:none;scrollbar-width:none}.TG3ul .ZZN3d::-webkit-scrollbar{display:none}@media(max-width: 959px){.TG3ul .ZZN3d{margin:0 -24px;padding:0 24px}}@media(max-width: 413px){.TG3ul .ZZN3d{margin:0 -16px;padding:0 16px}}.TG3ul .ZZN3d>div{width:-moz-max-content;width:max-content}.TG3ul .EIT37{display:flex;align-items:center;justify-content:space-between;margin-bottom:20px}@media(max-width: 959px){.TG3ul .EIT37{margin-bottom:12px}}.TG3ul .EIT37 .HSGGo,.TG3ul .EIT37 h1,.TG3ul .EIT37 h2,.TG3ul .EIT37 h3,.TG3ul .EIT37 h4,.TG3ul .EIT37 h5,.TG3ul .EIT37 h6{margin-top:unset;margin-bottom:unset;font-size:24px;line-height:32px}.TG3ul .EIT37 .HSGGo h1,.TG3ul .EIT37 .HSGGo h2,.TG3ul .EIT37 .HSGGo h3,.TG3ul .EIT37 .HSGGo h4,.TG3ul .EIT37 .HSGGo h5,.TG3ul .EIT37 .HSGGo h6,.TG3ul .EIT37 h1 h1,.TG3ul .EIT37 h2 h1,.TG3ul .EIT37 h3 h1,.TG3ul .EIT37 h4 h1,.TG3ul .EIT37 h5 h1,.TG3ul .EIT37 h6 h1,.TG3ul .EIT37 h1 h2,.TG3ul .EIT37 h2 h2,.TG3ul .EIT37 h3 h2,.TG3ul .EIT37 h4 h2,.TG3ul .EIT37 h5 h2,.TG3ul .EIT37 h6 h2,.TG3ul .EIT37 h1 h3,.TG3ul .EIT37 h2 h3,.TG3ul .EIT37 h3 h3,.TG3ul .EIT37 h4 h3,.TG3ul .EIT37 h5 h3,.TG3ul .EIT37 h6 h3,.TG3ul .EIT37 h1 h4,.TG3ul .EIT37 h2 h4,.TG3ul .EIT37 h3 h4,.TG3ul .EIT37 h4 h4,.TG3ul .EIT37 h5 h4,.TG3ul .EIT37 h6 h4,.TG3ul .EIT37 h1 h5,.TG3ul .EIT37 h2 h5,.TG3ul .EIT37 h3 h5,.TG3ul .EIT37 h4 h5,.TG3ul .EIT37 h5 h5,.TG3ul .EIT37 h6 h5,.TG3ul .EIT37 h1 h6,.TG3ul .EIT37 h2 h6,.TG3ul .EIT37 h3 h6,.TG3ul .EIT37 h4 h6,.TG3ul .EIT37 h5 h6,.TG3ul .EIT37 h6 h6{display:inline-block}.TG3ul .EIT37 .HSGGo .AglTe,.TG3ul .EIT37 h1 .AglTe,.TG3ul .EIT37 h2 .AglTe,.TG3ul .EIT37 h3 .AglTe,.TG3ul .EIT37 h4 .AglTe,.TG3ul .EIT37 h5 .AglTe,.TG3ul .EIT37 h6 .AglTe{font-weight:600;color:#364354}@media(max-width: 959px){.TG3ul .EIT37 .HSGGo,.TG3ul .EIT37 h1,.TG3ul .EIT37 h2,.TG3ul .EIT37 h3,.TG3ul .EIT37 h4,.TG3ul .EIT37 h5,.TG3ul .EIT37 h6{font-size:20px;line-height:28px}}@media(max-width: 767px){.TG3ul .EIT37 .HSGGo,.TG3ul .EIT37 h1,.TG3ul .EIT37 h2,.TG3ul .EIT37 h3,.TG3ul .EIT37 h4,.TG3ul .EIT37 h5,.TG3ul .EIT37 h6{font-size:14px;line-height:20px}}.TG3ul .EIT37 .fH1Ik{margin-left:8px}@media(max-width: 959px){.TG3ul .EIT37 .YMpZL{font-size:14px}}@media(max-width: 320px){.TG3ul .EIT37 .YMpZL{font-size:12px}}.TG3ul .EIT37 .YMpZL i{margin-left:5px}

@keyframes O7UMV{50%{transform:translate(-50%, 0)}}.CaKx_:empty{height:300px;position:relative;background-color:#ebecee;border-radius:5px;overflow:hidden}.CaKx_:empty:before{content:"";position:absolute;width:200%;height:100%;top:0;left:0;background-image:linear-gradient(90deg, rgba(235, 236, 238, 0.5) 0%, rgba(204, 208, 212, 0.5) 50%, rgba(235, 236, 238, 0.5) 100%);background-size:100%;background-repeat:no-repeat;animation:O7UMV 3s cubic-bezier(0.34, 0, 0.21, 1) infinite}
@keyframes aeQQi{50%{transform:translate(-50%, 0)}}.wneDI{display:grid;grid-template-rows:auto 1fr auto;grid-template-columns:1fr;width:100%;border-radius:4px;border:solid 1px #ebecee;position:relative;max-width:220px;overflow:hidden;min-height:inherit}@media(max-width: 1199px){[data-size=listing].wneDI{width:158px}}
.p2aw_{mix-blend-mode:multiply;overflow:hidden;width:100%;height:auto}
.gFdR9{color:#68727e;font-size:12px;font-style:normal;font-weight:500;line-height:16px}.gFdR9.y3bci{min-height:72px;padding:8px}
.dydGu{display:contents;cursor:pointer}
@keyframes B_VF0{50%{transform:translate(-50%, 0)}}.oSA_o{grid-row:3;grid-column:1;padding:0 8px 8px 8px}@media(max-width: 1199px){.oSA_o{padding-top:4px}}.oSA_o i{margin-left:8px}
@keyframes e0Ucf{50%{transform:translate(-50%, 0)}}.YVKcB{display:flex;flex-direction:column;gap:8px}.c3VSc{display:flex;align-items:center;justify-content:center;width:-moz-fit-content;width:fit-content;height:-moz-fit-content;height:fit-content;background-color:#fff;color:#364354;border-radius:100%;border:0;padding:0;box-shadow:0px 4px 4px -4px rgba(41,50,63,.02),0px 1px 2px rgba(41,50,63,.06);outline:none;cursor:pointer;width:32px;height:32px}@media(min-width: 960px){.c3VSc{width:40px;height:40px}}.c3VSc:not(.g7Lmy):hover{background-color:#364354 !important;color:#fff !important}.c3VSc.g7Lmy{background-color:#0786e7 !important;color:#fff !important}
.m_5zb{position:absolute;right:0;left:0;top:0;bottom:0;cursor:pointer}.Iex7V,.sKOKS{position:absolute;right:8px;top:8px;z-index:1}.sKOKS{padding:8px}
.ronMU{cursor:pointer;display:flex;align-items:center}.ronMU .KqOKz{color:#364354;font-size:14px;line-height:20px}.ronMU input{display:none}.ronMU input:checked+.WQUhe{background-color:#0786e7;border-color:#0786e7}.ronMU input:checked+.WQUhe .cXqWz{opacity:1}.ronMU div.WQUhe.k7zHd{background-color:#0786e7;border-color:#0786e7}.ronMU div.WQUhe.k7zHd .cXqWz{opacity:1}.ronMU.OuH1u{flex-direction:row-reverse;justify-content:space-between;width:100%}.ronMU.OuH1u .KqOKz{margin-right:12px}.ronMU.bg_8x .KqOKz{margin-left:12px}.ronMU .WQUhe{background-color:#fff;display:flex;align-items:center;justify-content:center;border:1.5px solid #364354;border-radius:4px;flex-shrink:0}.ronMU .WQUhe:hover{background-color:#ebecee}.ronMU .WQUhe.Oe9fK{width:16px;height:16px}.ronMU .WQUhe.sT0Vy{width:20px;height:20px}.ronMU .WQUhe .cXqWz{position:relative;display:flex;align-items:center;top:2px;left:-1px;opacity:0}.ronMU .WQUhe .cXqWz:before{content:"";position:absolute;width:12px;height:2px;border-radius:2px;background-color:#fff;transform:rotate(-45deg);transform-origin:left bottom;bottom:0px}.ronMU .WQUhe .cXqWz:after{content:"";width:2px;height:6px;border-radius:2px;background-color:#fff;transform:rotate(-45deg);transform-origin:left bottom}.WK2wC{pointer-events:none}.WK2wC .KqOKz{color:#9aa1a9}.WK2wC .WQUhe{border-color:#ccd0d4;background-color:#fff}.WK2wC .WQUhe.k7zHd{border-color:#ebecee !important;background-color:#ebecee !important}.WK2wC .WQUhe.k7zHd .cXqWz:before,.WK2wC .WQUhe.k7zHd .cXqWz:after{background-color:#9aa1a9}
@keyframes NoO9N{50%{transform:translate(-50%, 0)}}.lImmO{grid-row:2;grid-column:1;overflow:hidden;display:grid;grid-auto-rows:1fr}.lImmO.nFIFH{min-height:145px}@media(min-width: 1200px){.lImmO.kOpwM{min-height:112px}}
@keyframes hM2hf{50%{transform:translate(-50%, 0)}}.IHhYD{display:flex;align-items:center;color:#68727e;font-size:12px;line-height:16px}.IHhYD span{font-weight:500;max-width:148px;display:-webkit-box;-webkit-line-clamp:1;-webkit-box-orient:vertical;overflow:hidden}
.Gw0K2{cursor:pointer;padding:8px;border-bottom:1px solid #ebecee;display:flex;flex-direction:column;justify-content:space-between}
@keyframes VEq2q{50%{transform:translate(-50%, 0)}}.h1Anp{color:#364354;font-size:14px;font-weight:600;line-height:20px}@media(min-width: 1200px){.h1Anp{font-size:16px;line-height:24px;letter-spacing:-0.32px}}
@keyframes eQgR8{50%{transform:translate(-50%, 0)}}.MxwaR{display:flex;flex-direction:column;font-weight:400;color:#68727e;font-size:12px;line-height:16px}
.jV7iK{color:#364354}
@keyframes G3Utg{50%{transform:translate(-50%, 0)}}.nwlMQ{overflow:hidden}.nwlMQ:last-of-type{border:none}.nwlMQ .TDHwE{display:block}.nwlMQ .H3Xko{display:flex;flex-direction:column;width:100%}.nwlMQ .H3Xko .wJnNM{display:flex;width:100%;flex-direction:row;justify-content:space-between;align-items:center}.nwlMQ .klqYU{display:flex;align-items:center;gap:8px;line-height:normal}.nwlMQ.TBCym .BVTED{color:#9aa1a9}.nwlMQ.TBCym .YSiMx{color:#68727e}
.BODMP{font-size:10px;font-style:normal;font-weight:600;letter-spacing:.5px}.j5AEN{color:#3ab424}.j5AEN::before{content:"EN UCUZ"}.IdEu8{color:#a26c11}.IdEu8::after{content:"ÖNERİLEN"}
.fvt5M{display:flex;flex-direction:column;color:#68727e;font-size:12px;-webkit-text-decoration:line-through;text-decoration:line-through;font-weight:400;line-height:20px;letter-spacing:-0.24px}
@keyframes iokKT{50%{transform:translate(-50%, 0)}}.S7sCc{font-size:9px;font-weight:600;line-height:12px;letter-spacing:.3px;display:flex;flex-direction:row;align-items:center;gap:4px;white-space:nowrap;text-transform:uppercase}.S7sCc i{font-size:16px}.S7sCc.UeraD{margin-bottom:4px}.S7sCc span{text-overflow:ellipsis;overflow:hidden;white-space:nowrap;width:calc(100% - 20px)}.IXkai{color:#0564ad}.j8hvM{color:#2c871b}
@keyframes FwcDJ{50%{transform:translate(-50%, 0)}}.USZxP .yTumL.H1SB6{cursor:inherit}.USZxP .yTumL .pv40n{grid-row:1;grid-column:1}.USZxP .yTumL .pv40n .BmUnt{position:relative;display:flex;align-items:center;justify-content:center;background-color:#f5f5f7;padding:12px;margin-bottom:8px;height:174px;border-radius:4px 4px 0 0}@media(min-width: 1200px){.USZxP .yTumL .pv40n .BmUnt{height:220px;padding:16px}}.USZxP .yTumL .pv40n .BmUnt .tRyLt,.USZxP .yTumL .pv40n .BmUnt .hsnNQ{position:absolute;left:8px;z-index:1}.USZxP .yTumL .pv40n .BmUnt .tRyLt{top:8px}.USZxP .yTumL .pv40n .BmUnt .hsnNQ{bottom:8px}.USZxP .yTumL .pv40n>h3,.USZxP .yTumL .pv40n>span{display:block;color:#364354;display:-webkit-box;-webkit-line-clamp:3;-webkit-box-orient:vertical;overflow:hidden;font-size:12px;font-weight:500;line-height:16px;height:48px;margin:0 8px}@media(min-width: 1200px){.USZxP .yTumL .pv40n>h3,.USZxP .yTumL .pv40n>span{font-size:14px;line-height:20px;height:60px}}.USZxP .acNcF.ZWbJO .l6_iL{cursor:inherit}
.wafcn{color:#364354;font-size:10px;font-weight:600;line-height:12px;letter-spacing:.5px;border-radius:32px;background:#fff;padding:4px 8px;box-shadow:0px 4px 4px -4px rgba(41,50,63,.02),0px 1px 2px rgba(41,50,63,.06)}
.dAeQu{font-size:10px;font-weight:600;line-height:12px;letter-spacing:.5px;border-radius:32px;background:#ceecc8;padding:2px 8px;display:flex;align-items:center;height:20px}.dAeQu i{font-size:12px;transform:rotate(2.39rad);color:#1d5a12}.dAeQu .DWR_r{color:#1d5a12;font-weight:600;line-height:12px;letter-spacing:.5px}
.keen-slider:not([data-keen-slider-disabled]){-webkit-touch-callout:none;-webkit-tap-highlight-color:transparent;align-content:flex-start;display:flex;overflow:hidden;position:relative;touch-action:pan-y;-webkit-user-select:none;-moz-user-select:none;-ms-user-select:none;user-select:none;-khtml-user-select:none;width:100%}.keen-slider:not([data-keen-slider-disabled]) .keen-slider__slide{min-height:100%;overflow:hidden;position:relative;width:100%}.keen-slider:not([data-keen-slider-disabled])[data-keen-slider-reverse]{flex-direction:row-reverse}.keen-slider:not([data-keen-slider-disabled])[data-keen-slider-v]{flex-wrap:wrap}
@keyframes bBi_i{50%{transform:translate(-50%, 0)}}.gE6zs{width:100%}.gE6zs .Wofll{--slides-per-mobile: 4;--slides-per-mobile-xl: 5;min-width:calc(100%/var(--slides-per-mobile) - 8px/var(--slides-per-mobile)*(var(--slides-per-mobile) - 1));max-width:calc(100%/var(--slides-per-mobile) - 8px/var(--slides-per-mobile)*(var(--slides-per-mobile) - 1))}.gE6zs .Wofll:nth-child(1){transform:translate3d(0px, 0px, 0px)}.gE6zs .Wofll:nth-child(2){transform:translate3d(8px, 0px, 0px)}.gE6zs .Wofll:nth-child(3){transform:translate3d(16px, 0px, 0px)}.gE6zs .Wofll:nth-child(4){transform:translate3d(24px, 0px, 0px)}.gE6zs .Wofll:nth-child(5){transform:translate3d(32px, 0px, 0px)}@media(min-width: 1200px){.gE6zs .Wofll{min-width:calc(100%/var(--slides-per-mobile-xl) - 16px/var(--slides-per-mobile-xl)*(var(--slides-per-mobile-xl) - 1));max-width:calc(100%/var(--slides-per-mobile-xl) - 16px/var(--slides-per-mobile-xl)*(var(--slides-per-mobile-xl) - 1))}.gE6zs .Wofll:nth-child(1){transform:translate3d(0px, 0px, 0px)}.gE6zs .Wofll:nth-child(2){transform:translate3d(16px, 0px, 0px)}.gE6zs .Wofll:nth-child(3){transform:translate3d(32px, 0px, 0px)}.gE6zs .Wofll:nth-child(4){transform:translate3d(48px, 0px, 0px)}.gE6zs .Wofll:nth-child(5){transform:translate3d(64px, 0px, 0px)}.gE6zs .Wofll:nth-child(6){transform:translate3d(80px, 0px, 0px)}}.gE6zs:hover .QUIqQ,.gE6zs:hover .D7vCQ{display:flex}.gE6zs .QUIqQ,.gE6zs .D7vCQ{position:absolute;top:73px;z-index:9;align-items:flex-start;justify-content:center;display:none}.gE6zs .QUIqQ div,.gE6zs .D7vCQ div{background:#fff;height:60px;width:40px;cursor:pointer;display:flex;align-items:center;justify-content:center;color:#364354}.gE6zs .QUIqQ{left:0}@media(max-width: 1199px){.gE6zs .QUIqQ{top:57px}}.gE6zs .QUIqQ div{border-radius:0px 8px 8px 0px;box-shadow:2px 0px 4px -2px rgba(41,50,63,.06),4px 0px 8px -2px rgba(41,50,63,.1)}.gE6zs .D7vCQ{right:0}@media(max-width: 1199px){.gE6zs .D7vCQ{top:57px}}.gE6zs .D7vCQ div{border-radius:8px 0px 0px 8px;box-shadow:-2px 0px 4px -2px rgba(41,50,63,.06),-4px 0px 8px -2px rgba(41,50,63,.1)}.gE6zs .QUIqQ:hover div,.gE6zs .D7vCQ:hover div{background:#364354;color:#fff}.gE6zs .QUIqQ:hover div,.gE6zs .D7vCQ:active div{background:#1b212a;color:#fff}.nx9AN{padding-top:12px;height:auto;overflow-x:scroll;overflow-y:hidden}.nx9AN::-webkit-scrollbar{background:#ebecee;width:1px;height:8px}.nx9AN::-webkit-scrollbar-track{background:rgba(0,0,0,0)}.nx9AN::-webkit-scrollbar-thumb{background:#ccd0d4;border-radius:8px}.nx9AN::-webkit-scrollbar-thumb:hover{background:#9aa1a9}.MVCOw{padding-bottom:20px}
.sWFmE{display:flex}.sWFmE .BIS46{border:1px solid #ebecee;box-shadow:none}.sWFmE .ytD0n{padding:8px;width:auto;margin-left:8px}.sWFmE .q0aal{margin-left:5px;font-size:12px}.sWFmE .gZVrx :first-child{font-size:14px;margin-right:7px}
@keyframes rql1O{50%{transform:translate(-50%, 0)}}.vW1PI .u3Mb5{position:absolute;right:8px;top:8px;z-index:1}.vW1PI .FydRZ{display:contents}.vW1PI .FydRZ .nFO4P{grid-row:1;grid-column:1}.vW1PI .FydRZ .nFO4P .lzyZQ{position:relative;display:flex;align-items:center;justify-content:center;background-color:#f5f5f7;padding:12px;height:174px;margin-bottom:8px;border-radius:4px 4px 0 0}@media(min-width: 1200px){.vW1PI .FydRZ .nFO4P .lzyZQ{height:220px;padding:16px}}.vW1PI .FydRZ .nFO4P .lzyZQ img{mix-blend-mode:multiply;overflow:hidden}@media(max-width: 1199px){.vW1PI .FydRZ .nFO4P .lzyZQ img{height:auto}}.vW1PI .FydRZ .nFO4P .lzyZQ .eXG3_,.vW1PI .FydRZ .nFO4P .lzyZQ .vjnAo{position:absolute;left:8px;z-index:1}.vW1PI .FydRZ .nFO4P .lzyZQ .eXG3_{top:8px}.vW1PI .FydRZ .nFO4P .lzyZQ .vjnAo{bottom:8px}.vW1PI .Yz7eN .ZirOs:first-of-type .gZAe9:first-child::after{content:"EN UCUZ";font-size:10px;font-weight:600;line-height:12px;letter-spacing:.5px;color:#3ab424;white-space:nowrap}.vW1PI .Yz7eN .ZirOs:last-of-type{border:none}.vW1PI .Yz7eN .ZirOs .QQtwL{display:block}.vW1PI .Yz7eN .ZirOs .tra8o{display:flex;flex-direction:column}.vW1PI .Yz7eN .ZirOs .gZAe9 span{display:none}.vW1PI .Yz7eN .iu1r0{padding:16px;color:#68727e;font-size:12px;font-style:normal;font-weight:500;line-height:16px}@media(max-width: 1199px){.vW1PI[data-variant=default] .nFO4P img{width:144px}}.vW1PI[data-variant=default] .Yz7eN .ZirOs .bqLL8{display:none}.vW1PI[data-variant=default] .Yz7eN .ZirOs .gZAe9 span{display:flex}.vW1PI[data-variant=default] .Yz7eN .ZirOs:first-of-type .gZAe9:first-child::after{margin-left:8px}.vW1PI[data-variant=A1] .Yz7eN .ZirOs .bqLL8{display:block;margin:8px 4px 4px}
@keyframes PRTPP{50%{transform:translate(-50%, 0)}}.BQVGr{grid-row:1;grid-column:1;overflow:hidden}.BQVGr .if5u0{position:absolute;right:8px;top:8px;z-index:1}.BQVGr .jlCUu{position:relative;display:flex;align-items:center;justify-content:center;background-color:#f5f5f7;padding:12px;height:174px;border-radius:4px 4px 0 0;margin-bottom:8px}@media(min-width: 1200px){.BQVGr .jlCUu{padding:16px;height:220px}}.BQVGr .jlCUu .nDbA0,.BQVGr .jlCUu .Sk_no{position:absolute;left:8px;z-index:1}.BQVGr .jlCUu .nDbA0{top:8px}.BQVGr .jlCUu .Sk_no{bottom:8px}.BQVGr>h3,.BQVGr>span{display:block;color:#364354;display:-webkit-box;-webkit-line-clamp:3;-webkit-box-orient:vertical;overflow:hidden;font-size:12px;font-weight:500;line-height:16px;height:48px;margin:0 8px}@media(min-width: 1200px){.BQVGr>h3,.BQVGr>span{font-size:14px;line-height:20px;height:60px}}
@keyframes u0fht{50%{transform:translate(-50%, 0)}}.o5flf{display:flex;flex-direction:column;align-items:center;color:#364354;margin-top:20px}.o5flf h1{font-size:137px;font-weight:bold;margin:0px 0px 8px}@media(max-width: 959px){.o5flf h1{font-size:36px}}.o5flf h3{text-align:center;font-size:36px;line-height:42px;font-weight:600;margin-bottom:20px}@media(max-width: 959px){.o5flf h3{font-size:22px;line-height:30px}}.o5flf p{font-size:18px;line-height:24px;text-align:center}
@keyframes Cx9aC{50%{transform:translate(-50%, 0)}}.XM3De{margin:0 auto;color:#364354;overflow:hidden;font-size:14px;font-weight:400;line-height:20px;display:flex;flex-direction:column}.XM3De p{margin-top:0;text-overflow:ellipsis}.XM3De strong,.XM3De b{font-size:14px;font-weight:500;line-height:20px}.XM3De h2,.XM3De h3{margin:0;margin-bottom:8px !important;font-size:14px;font-weight:600;line-height:20px}@media(min-width: 768px){.XM3De h2,.XM3De h3{font-size:16px;line-height:24px}}.XM3De a{color:#0786e7;font-size:14px;font-weight:500;line-height:20px;-webkit-text-decoration:none;text-decoration:none}.XM3De a:hover{-webkit-text-decoration:underline;text-decoration:underline}.XM3De ul,.XM3De ol{margin:0;padding-left:16px}.XM3De ul li,.XM3De ol li{text-overflow:ellipsis}.XM3De table{height:auto !important;border-collapse:collapse;border-spacing:0;font-size:14px;font-weight:400;line-height:20px;width:100%;max-width:-moz-max-content;max-width:max-content;display:block;margin:0 auto;overflow-x:auto;-ms-overflow-style:none;scrollbar-width:none}.XM3De table::-webkit-scrollbar{display:none}.XM3De th{color:#fff;background-color:#68727e;border:1px solid #9aa1a9;padding:12px}.XM3De td{border:1px solid #ebecee;padding:12px;min-width:120px;text-align:left;vertical-align:middle}@media(max-width: 767px){.XM3De td{max-width:300px}}.XM3De img{display:block;max-width:100%;height:auto;margin:auto}.XM3De>:not(h2):not(h3):not(:last-child),.XM3De>div:only-child>:not(h2):not(h3):not(:last-child){margin-bottom:16px !important}@media(min-width: 768px){.XM3De>:not(h2):not(h3):not(:last-child),.XM3De>div:only-child>:not(h2):not(h3):not(:last-child){margin-bottom:24px !important}}
@keyframes eu_F2{50%{transform:translate(-50%, 0)}}.sEEsR{margin-top:40px;font-style:normal}.sEEsR .Ovq1f{color:#364354;font-size:24px;font-weight:600;line-height:32px;letter-spacing:-0.72px;margin:0px;padding:0px}
@keyframes a7a6z{50%{transform:translate(-50%, 0)}}.R5jZU{position:relative;margin-top:24px;display:flex;align-items:center;gap:16px;flex-wrap:wrap}.R5jZU a i{margin-right:4px;font-size:16px}.R5jZU.g1vud{overflow:hidden;max-height:80px}.R5jZU.bxaFx{margin-top:unset}.Dhaai{position:absolute;bottom:0;left:0;width:100%;height:50%;background:linear-gradient(180deg, rgba(255, 255, 255, 0) 0%, #ffffff 100%)}@media(max-width: 768px){.Dhaai{display:none}}.djRHZ{display:flex;align-items:center;justify-content:center;margin-top:16px}.djRHZ .hTE0a{cursor:pointer;color:#364354;font-size:12px;font-style:normal;font-weight:500;line-height:16px}.djRHZ .hTE0a:hover{-webkit-text-decoration:underline;text-decoration:underline}.djRHZ.djRHZ[data-up=true] i{transform:rotate(180deg)}
@keyframes Zwul_{50%{transform:translate(-50%, 0)}}.Ro3Ds{border:3px solid #f3f3f3;border-top:3px solid #9aa1a9;border-radius:50%;width:16px;height:16px;animation:_Sl5W .9s linear infinite}@keyframes _Sl5W{0%{transform:rotate(0deg)}100%{transform:rotate(360deg)}}.lLM_a{display:inline-flex;justify-content:center;border-radius:24px;cursor:pointer;box-sizing:border-box}.lLM_a.ztbCb{font-size:12px;color:#364354;border:1px solid #ebecee;line-height:16px}.lLM_a.ztbCb:active{background:#ccd0d4}.lLM_a.ztbCb:hover:not(.IQFwK){background-color:#ebecee}.lLM_a.JsUXt{min-width:121px;font-size:14px;color:#0786e7;line-height:20px;background-color:#e6f3fd}.lLM_a.JsUXt:active{background:#0786e7;color:#fff}.lLM_a.JsUXt:hover:not(.IQFwK){background-color:#c1e0f9}.lLM_a.BQbI4{padding:7px 12px}.lLM_a.LeEek{padding:8px 16px}.lLM_a.IQFwK{background-color:#ebecee;color:#9aa1a9;pointer-events:none}
@keyframes AyhOZ{50%{transform:translate(-50%, 0)}}.GPZDK{margin:16px 0 0 0}@media(min-width: 960px){.GPZDK{margin-top:20px}}.GPZDK.UOMBb .H0CHd{transform:rotate(-180deg)}.GPZDK.UOMBb .tdl6y{grid-template-rows:1fr}.GPZDK .k1J9t{cursor:pointer;display:flex;justify-content:space-between;align-items:flex-start}.GPZDK .k1J9t .la_kg,.GPZDK .k1J9t>h3,.GPZDK .k1J9t>h4{color:#364354;margin:0}@media(max-width: 959px){.GPZDK .k1J9t .la_kg,.GPZDK .k1J9t>h3,.GPZDK .k1J9t>h4{font-weight:500;font-size:14px;line-height:20px;max-width:297px}}@media(min-width: 960px){.GPZDK .k1J9t .la_kg,.GPZDK .k1J9t>h3,.GPZDK .k1J9t>h4{font-weight:600;font-size:16px;line-height:24px;max-width:640px}}.GPZDK .k1J9t .H0CHd{height:24px;margin-right:8px;transition:transform .4s;color:#364354}.GPZDK .tdl6y{display:grid;grid-template-rows:0fr;transition:grid-template-rows 500ms;overflow:hidden}.GPZDK .tdl6y+div{margin-top:16px}@media(min-width: 960px){.GPZDK .tdl6y+div{margin-top:20px}}.GPZDK .ZK2th{margin:0;overflow:hidden;color:#364354;font-weight:400;font-size:12px;line-height:16px}.GPZDK .ZK2th .rYHhV{height:8px;display:block}@media(min-width: 960px){.GPZDK .ZK2th{font-size:16px;line-height:24px;max-width:640px}}
.ob23F{margin-top:40px}.ob23F h2{font-size:24px;line-height:32px;letter-spacing:-0.72px;color:#364354;font-weight:600;margin-bottom:20px}.ob23F a:hover{-webkit-text-decoration:underline !important;text-decoration:underline !important}.ob23F ul{padding:8px;margin:0 10px}.ob23F ul li::marker{width:24px}.ob23F ul li a{color:#0786e7;font-size:16px;line-height:24px}
@keyframes XfjRu{50%{transform:translate(-50%, 0)}}.dtzsU{position:relative;margin:auto;padding-top:24px;width:1164px;display:flex}.dtzsU .bdD0M{display:flex;flex-direction:column;align-items:baseline;flex:1;height:40px}.dtzsU .bdD0M.u6LD1{flex-direction:row}.dtzsU .bdD0M.u6LD1 .Q5RD3{font-size:24px;line-height:32px;letter-spacing:-0.03em}.dtzsU .bdD0M.u6LD1 .Q5RD3 h3{margin:0;font-size:inherit;font-weight:inherit;line-height:inherit}.dtzsU .bdD0M.uMGKR{flex-direction:row;align-items:center}.dtzsU .bdD0M .zmp3k{display:flex;align-items:baseline}.dtzsU.lA31D{padding:16px 0}.dtzsU.lA31D::after{border-bottom:1px solid #ebecee;position:absolute;width:100vw;left:50%;margin-left:-50vw;bottom:0;content:""}@media(max-width: 1199px){.dtzsU{width:912px}}.dtzsU .Q5RD3{margin-right:24px;display:flex;align-items:baseline;color:#364354;font-size:16px;font-weight:600;line-height:24px;letter-spacing:-0.02em}.dtzsU .Q5RD3 h1{padding:0;margin:0;color:inherit;font-size:inherit;font-weight:inherit}.dtzsU .Q5RD3 span{font-size:16px;font-weight:500;line-height:24px;letter-spacing:-0.02em;color:#68727e;margin-left:3px}.dtzsU .Q5RD3 i{display:flex;align-items:center;font-weight:600;color:#364354;margin-left:8px;width:24px;height:24px}.dtzsU .E0OUP{display:flex;font-size:12px;font-weight:500;line-height:16px;color:#68727e}.dtzsU .E0OUP h2{padding:0;margin:0;color:inherit;font-size:inherit;font-weight:inherit}.dtzsU .vj1UW{color:#68727e;font-size:12px;font-weight:500;line-height:16px}
@keyframes DkgLW{50%{transform:translate(-50%, 0)}}.Z82Pg{margin:16px auto 0;padding:0 0 16px;width:1164px;position:relative}@media(max-width: 1199px){.Z82Pg{width:912px}}.Z82Pg.Kp4lY::after{border-bottom:1px solid #ebecee;position:absolute;width:100vw;left:50%;margin-left:-50vw;bottom:0;content:""}.Z82Pg ul{line-height:16px;font-size:12px;font-weight:400;margin:0;padding:0;display:flex;align-items:center;flex-wrap:wrap;list-style:none;row-gap:4px;min-height:24px}.Z82Pg ul li{display:flex;align-items:center}.Z82Pg ul li i{color:#364354}.Z82Pg ul li:not(:last-child) i{color:#68727e}.Z82Pg ul a{color:#68727e;position:relative}.Z82Pg ul a:after{content:"";position:absolute;bottom:0;left:0;width:100%;height:1px;will-change:background-color;transition:background-color .2s ease-out}.Z82Pg ul a:hover:after{background-color:#364354}.Z82Pg ul a:active{color:#9aa1a9}.Z82Pg ul a:active:after{background-color:#68727e}.Z82Pg ul span{color:#364354}
@keyframes IIXBp{50%{transform:translate(-50%, 0)}}.tGp8G{display:none;position:absolute;top:calc(100% + 5px);left:0;z-index:3;margin:0;padding:8px;background-color:#fff;outline:1px solid #ebecee;border-radius:4px;box-shadow:0px 2px 4px -2px rgba(41,50,63,.06),0px 4px 8px -2px rgba(41,50,63,.1)}.tGp8G.DPB9H{display:block}.tGp8G .ulIH5{width:100%;height:100%;padding:0;margin:0;list-style-type:none;overflow:hidden}.tGp8G .ulIH5::-webkit-scrollbar{background:#ebecee;width:4px;height:88px;border-radius:4px}.tGp8G .ulIH5::-webkit-scrollbar-track{border-radius:4px;background:rgba(0,0,0,0)}.tGp8G .ulIH5::-webkit-scrollbar-thumb{background:#ccd0d4;border-radius:4px}.tGp8G .ulIH5::-webkit-scrollbar-thumb:hover{background:#9aa1a9}.tGp8G .ulIH5.kS7jT{overflow-y:auto;box-sizing:border-box;padding-right:8px}.tGp8G .ulIH5.pG37q{color:#9aa1a9}
@keyframes vVJr_{50%{transform:translate(-50%, 0)}}.MeWcx{display:flex;align-items:center;border:1px solid #ccd0d4;background-color:#fff;padding-top:0;padding-left:0;padding-bottom:0;border-radius:4px;outline:none;position:relative;width:100%;height:48px;text-align:left;cursor:pointer}.MeWcx.p9ZAd{height:48px}.MeWcx.fjqfi{height:40px}.MeWcx.Of1VW{height:36px}.MeWcx:not(.RYCmc):not(.q2R4i):not(.KAKJv):hover{border:1px solid #9aa1a9}.MeWcx:not(.RYCmc):not(.q2R4i):not(.KAKJv).EorfW{border:1px solid #364354}.MeWcx.RYCmc{border:1px solid #ccd0d4;background:#ebecee;cursor:inherit}.MeWcx.RYCmc .WOSlU{color:#9aa1a9}.MeWcx.RYCmc .dVENY{color:#9aa1a9}.MeWcx.q2R4i{border:1px solid #e82038}.MeWcx.p9ZAd{padding-top:12px;padding-left:16px;padding-bottom:12px}.MeWcx.fjqfi,.MeWcx.Of1VW{padding-top:8px;padding-left:16px;padding-bottom:8px}.MeWcx :focus{outline:none}.MeWcx .DvBlA{font-size:14px;line-height:24px;letter-spacing:-0.32px;color:#364354;width:100%;padding-left:16px;margin-right:24px;padding-top:0;padding-left:0;padding-bottom:0}.MeWcx .DvBlA.p9ZAd{font-size:16px}.MeWcx .DvBlA.KAKJv{color:#9aa1a9}.MeWcx .Lylb4{position:absolute;right:8px;width:24px;height:24px;color:#364354}.MeWcx .Lylb4.DkzlE{transform:rotate(180deg)}
.oH_u7{position:relative;display:flex;flex-direction:column;width:auto;height:auto}
.wAgLW{position:relative;display:inline-flex;align-items:center;padding:8px 16px;border-radius:24px;height:36px;font-size:14px;font-weight:500;line-height:20px;cursor:pointer;border:1px solid #ebecee;color:#364354;background-color:unset;gap:8px;padding-right:8px}.wAgLW:hover{background-color:#ebecee;border-color:#ebecee}.wAgLW.YfQbA{background-color:#ccd0d4;border-color:#ccd0d4}.wAgLW.rPBYf{cursor:inherit;background-color:#ebecee;border-color:#ebecee;color:#9aa1a9}.wAgLW .jVyiI{transform:rotate(180deg)}
@keyframes qJAYJ{50%{transform:translate(-50%, 0)}}.OXu5v{display:flex;align-items:center;width:100%;min-height:36px;margin-bottom:4px;font-size:14px;padding:0;border-radius:4px;color:#364354;cursor:pointer;list-style-type:none}.OXu5v.lE1dJ{padding:0 12px}.OXu5v:last-child{margin-bottom:0}.OXu5v:hover{background:rgba(235,236,238,.5)}
.T_uvp{display:flex;gap:16px;align-items:center;justify-content:center;padding:16px 0}.AsQ5C{width:96px;height:96px}.hLL4S{font-size:16px;font-weight:600;line-height:24px;color:#364354}.Xhlha{font-size:14px;line-height:20px;color:#364354}
.qO3H1{display:flex;justify-content:center;padding-top:16px;min-height:531px}
@keyframes FgKGC{50%{transform:translate(-50%, 0)}}.eK3sQ{display:flex;flex-direction:column;width:100%;padding:16px 0;position:relative}.eK3sQ:first-child{padding-top:0}.eK3sQ:last-child{padding-bottom:0}.eK3sQ:not(:last-child){border-bottom:1px solid #ebecee}.eK3sQ .U5IuC{display:flex;justify-content:space-between;align-items:center;color:#364354;font-size:14px;font-weight:600;line-height:23px}.eK3sQ .oXC8o{position:relative;overflow:hidden}.eK3sQ .oXC8o::after{position:absolute;content:"";height:32px;width:calc(100% - 4px);left:0;right:0;bottom:0;background:linear-gradient(0deg, rgb(255, 255, 255) 0%, rgba(255, 255, 255, 0) 100%)}.eK3sQ .HCFrT{overflow:auto;display:flex;flex-direction:column;gap:12px;max-height:304px;overflow-y:auto;overflow-x:hidden;padding-bottom:4px;margin-top:16px}.eK3sQ .HCFrT::-webkit-scrollbar{background:#ebecee;width:4px;height:88px;border-radius:4px}.eK3sQ .HCFrT::-webkit-scrollbar-track{border-radius:4px;background:rgba(0,0,0,0)}.eK3sQ .HCFrT::-webkit-scrollbar-thumb{background:#ccd0d4;border-radius:4px}.eK3sQ .HCFrT::-webkit-scrollbar-thumb:hover{background:#9aa1a9}.eK3sQ .HCFrT .axfC5{width:max-content;max-width:160px;font-size:14px;font-weight:400;line-height:20px;color:#364354;cursor:pointer}.eK3sQ .HCFrT .axfC5:last-child{z-index:1}.eK3sQ .HCFrT .axfC5:hover{-webkit-text-decoration:underline;text-decoration:underline;text-underline-offset:3px}
@keyframes FJfJH{50%{transform:translate(-50%, 0)}}.bKKSU{display:flex;flex-direction:column;width:100%;padding:16px 0;position:relative}.bKKSU:first-child{padding-top:0}.bKKSU:last-child{padding-bottom:0}.bKKSU:not(:last-child){border-bottom:1px solid #ebecee}.bKKSU.e6n3T .AWIGL{padding:0;cursor:pointer}.bKKSU.e6n3T .AWIGL i{transition:transform .3s ease}.bKKSU.e6n3T .WEP8F{overflow:hidden;padding:0;height:0;opacity:0;transition:height .2s ease, opacity .1s linear .1s, padding 0s .3s}.bKKSU.eZPl7 .AWIGL i{transform:rotate(180deg)}.bKKSU.eZPl7 .WEP8F{opacity:1;height:100%}.bKKSU .AWIGL{display:flex;justify-content:space-between;align-items:center;color:#364354;font-size:14px;font-weight:600;line-height:23px}.bKKSU .L3ct4{padding-top:16px}.bKKSU .L3ct4 input{outline:none;font-size:14px !important}.bKKSU .WEP8F{position:relative}.bKKSU .WEP8F::after{position:absolute;content:"";height:24px;width:calc(100% - 4px);left:0;right:0;bottom:0;background:linear-gradient(0deg, rgb(255, 255, 255) 0%, rgba(255, 255, 255, 0) 100%)}.bKKSU .WEP8F .BG5Dg{position:relative;display:flex;flex-direction:column;gap:8px;max-height:312px;height:100%;overflow-y:auto;overflow-x:hidden;padding-bottom:4px;margin-top:16px}.bKKSU .WEP8F .BG5Dg::-webkit-scrollbar{background:#ebecee;width:4px;height:88px;border-radius:4px}.bKKSU .WEP8F .BG5Dg::-webkit-scrollbar-track{border-radius:4px;background:rgba(0,0,0,0)}.bKKSU .WEP8F .BG5Dg::-webkit-scrollbar-thumb{background:#ccd0d4;border-radius:4px}.bKKSU .WEP8F .BG5Dg::-webkit-scrollbar-thumb:hover{background:#9aa1a9}.bKKSU .WEP8F .BG5Dg.LSCw1{max-height:152px}.bKKSU .WEP8F .BG5Dg>*:last-child{z-index:1}.bKKSU .WEP8F .BG5Dg .eJRTo,.bKKSU .WEP8F .BG5Dg ._MJpo{min-height:24px;align-items:unset}.bKKSU .WEP8F .BG5Dg .eJRTo div:nth-child(1),.bKKSU .WEP8F .BG5Dg ._MJpo div:nth-child(1){margin-top:4px}.bKKSU .WEP8F .BG5Dg .eJRTo div:nth-child(2),.bKKSU .WEP8F .BG5Dg ._MJpo div:nth-child(2){display:-webkit-box;-webkit-line-clamp:2;-webkit-box-orient:vertical;overflow:hidden;margin-right:8px;margin-top:2px}
@keyframes Kv6N0{50%{transform:translate(-50%, 0)}}.yLwtv{display:flex;flex-direction:column;position:relative}.yLwtv .pecwm{width:100%;border-radius:4px;overflow:hidden;display:flex;align-items:center;box-sizing:border-box;height:100%;padding:0}.yLwtv .pecwm.DVkhC{height:36px;overflow:hidden}.yLwtv .pecwm.NnNKk{height:40px;overflow:hidden}.yLwtv .pecwm.fLKAj{height:48px;overflow:hidden}.yLwtv .pecwm.ECKZ9{border:1px solid #ccd0d4}.yLwtv .pecwm.ECKZ9:not(.aElq0):has(.izIWU:enabled):has(.izIWU:hover){border:1px solid #9aa1a9}.yLwtv .pecwm.ECKZ9:not(.aElq0):has(.izIWU:enabled):has(.izIWU:focus){border:1px solid #364354}.yLwtv .pecwm.ECKZ9:not(.aElq0):has(.izIWU:disabled){border:1px solid #ebecee}.yLwtv .pecwm.OeSUz textarea,.yLwtv .pecwm.OeSUz input{margin-bottom:0;background-color:rgba(235,236,238,.5)}.yLwtv .pecwm.OeSUz:not(.aElq0):has(.izIWU:enabled):has(.izIWU:hover){background-color:#ebecee}.yLwtv .pecwm.OeSUz:not(.aElq0):has(.izIWU:enabled):has(.izIWU:focus){background-color:#ebecee;outline:1px solid #ccd0d4}.yLwtv .pecwm.OeSUz:not(.aElq0):has(.izIWU:disabled){background-color:#ebecee}.yLwtv .pecwm.OeSUz.aElq0{background-color:#ebecee}.yLwtv .pecwm.aElq0{border:1px solid #e82038}.yLwtv .pecwm .WU52s{color:#68727e;display:flex;align-items:center}.yLwtv .pecwm .WU52s>i{height:14px;padding-left:16px}.yLwtv .pecwm .izIWU{font-size:14px;line-height:24px;letter-spacing:-0.32px;color:#364354;resize:none;border:none;height:100%;width:100%}@media(max-width: 767px){.yLwtv .pecwm .izIWU{font-size:16px}}.yLwtv .pecwm .izIWU.fLKAj{font-size:16px}.yLwtv .pecwm .izIWU.pf185.fLKAj{padding:12px 16px}.yLwtv .pecwm .izIWU.pf185.NnNKk{padding:10px 16px}.yLwtv .pecwm .izIWU.pf185.DVkhC{padding:8px 16px}.yLwtv .pecwm .izIWU.Wyd5u{font-size:16px;padding:12px 16px}.yLwtv .pecwm .izIWU :focus-visible{outline:none}.yLwtv .pecwm .izIWU :focus{outline:none}.yLwtv .pecwm .izIWU:disabled::-moz-placeholder{color:#9aa1a9}.yLwtv .pecwm .izIWU:disabled::placeholder{color:#9aa1a9}.yLwtv .pecwm .izIWU::-moz-placeholder{color:#68727e}.yLwtv .pecwm .izIWU::placeholder{color:#68727e}.yLwtv .pecwm .izIWU::-webkit-outer-spin-button,.yLwtv .pecwm .izIWU::-webkit-inner-spin-button{-webkit-appearance:none;margin:0}.yLwtv .pecwm .g6h7X{color:#68727e;display:flex;align-items:center}.yLwtv .pecwm .g6h7X>i{height:14px;padding-right:16px}
@keyframes eyHmE{50%{transform:translate(-50%, 0)}}.ma1qI{display:flex;flex-direction:column;width:100%;padding:16px 0;position:relative}.ma1qI:first-child{padding-top:0}.ma1qI:last-child{padding-bottom:0}.ma1qI:not(:last-child){border-bottom:1px solid #ebecee}.ma1qI .gl1EZ{display:flex;justify-content:space-between;align-items:center;color:#364354;font-size:14px;font-weight:600;line-height:23px}.ma1qI .jskl6{display:flex;gap:8px;margin-top:16px}.ma1qI .jskl6 a .Y8_Zp{width:40px}.ma1qI .jskl6 a .Y8_Zp i{transform:rotate(180deg)}.ma1qI .jskl6 .skctr div{width:66px;height:40px}.ma1qI .jskl6 .skctr input{padding-left:8px !important;padding-right:8px !important;font-weight:400;letter-spacing:-1px;flex:1 1 0;font-size:14px !important}.ma1qI .jskl6 .skctr input:focus{outline:none}.ma1qI .GR_wi{position:relative;overflow:hidden}.ma1qI .GR_wi::after{position:absolute;content:"";height:24px;width:calc(100% - 4px);left:0;right:0;bottom:0;background:linear-gradient(0deg, rgb(255, 255, 255) 0%, rgba(255, 255, 255, 0) 100%)}.ma1qI .t5Ywa{position:relative;display:flex;flex-direction:column;gap:8px;max-height:312px;overflow-y:auto;overflow-x:hidden;padding-bottom:4px;margin-top:16px}.ma1qI .t5Ywa::-webkit-scrollbar{background:#ebecee;width:4px;height:88px;border-radius:4px}.ma1qI .t5Ywa::-webkit-scrollbar-track{border-radius:4px;background:rgba(0,0,0,0)}.ma1qI .t5Ywa::-webkit-scrollbar-thumb{background:#ccd0d4;border-radius:4px}.ma1qI .t5Ywa::-webkit-scrollbar-thumb:hover{background:#9aa1a9}.ma1qI .t5Ywa.ucbin{max-height:152px}.ma1qI .t5Ywa .dFYAW{margin-left:4px;min-height:24px}.ma1qI .t5Ywa .dFYAW:last-child{z-index:1}.ma1qI .t5Ywa .dFYAW div{color:#364354;font-size:14px;font-weight:400;line-height:20px;margin-left:12px}.ma1qI .t5Ywa .dFYAW span{justify-content:center}.ma1qI .t5Ywa .dFYAW span::before{width:16px;height:16px}.ma1qI .t5Ywa .dFYAW span::after{width:8px;height:8px;margin-left:0}
._YJaT{cursor:pointer;display:flex;align-items:center}._YJaT input{display:none}._YJaT input:checked+.yFDLL:hover:before{background:#fff}._YJaT input:checked+.yFDLL:after{opacity:1}._YJaT input:checked+.yFDLL:before{border-color:#0786e7}._YJaT div.yFDLL.zwQVB:hover:before{background:#fff}._YJaT div.yFDLL.zwQVB:after{opacity:1}._YJaT div.yFDLL.zwQVB:before{border-color:#0786e7}._YJaT.SX40H{flex-direction:row-reverse;justify-content:flex-end}._YJaT.SX40H .SnldV{margin-right:14px}._YJaT.p8gkF .SnldV{margin-left:14px}._YJaT .yFDLL{position:relative;display:flex;align-items:center}._YJaT .yFDLL:hover:before{background:#ebecee}._YJaT .yFDLL:before{content:"";width:20px;height:20px;background:#fff;display:inline-block;border:1.5px solid #364354;border-radius:50%}._YJaT .yFDLL:after{content:"";width:12px;height:12px;position:absolute;background:#0786e7;border-radius:50%;display:inline-block;margin-left:4px;opacity:0}.zwQVB:after{opacity:1 !important}.zwQVB:before{border-color:#0786e7 !important}.uIfgl{pointer-events:none}.uIfgl .yFDLL:before{border-color:#ccd0d4 !important}.uIfgl .yFDLL:after{background:#ccd0d4}
.zk0Gz{border-bottom:1px solid #ebecee;display:flex;justify-content:space-between;align-items:center;color:#364354;font-size:14px;font-weight:600;line-height:23px;padding:16px 0}
.TtL6I{position:relative;display:inline-block;width:44px;height:24px}.TtL6I input{opacity:0;width:0;height:0}.whQHv{position:absolute;cursor:pointer;top:0;left:0;right:0;bottom:0;transition:.4s}.whQHv.DoQYS{background-color:#364354}.whQHv.Qlbj3{background-color:#ccd0d4}.whQHv:before{position:absolute;content:"";height:22px;width:22px;top:1px;left:1px;bottom:1px;background-color:#fff;transition:.4s}input:checked+.whQHv{background-color:#2196f3}input:focus+.whQHv{box-shadow:0 0 1px #2196f3}input:checked+.whQHv:before{transform:translateX(20px)}.whQHv.Hpoql{border-radius:34px}.whQHv.Hpoql:before{border-radius:50%}
.Ex_GW{display:flex;flex-direction:column;row-gap:16px}.Ex_GW ._awDf{display:flex;flex-wrap:wrap;gap:16px}
@keyframes pZWAC{50%{transform:translate(-50%, 0)}}.PtHHC{border:3px solid #f3f3f3;border-top:3px solid #9aa1a9;border-radius:50%;width:16px;height:16px;animation:hbaDc .9s linear infinite}@keyframes hbaDc{0%{transform:rotate(0deg)}100%{transform:rotate(360deg)}}.PtHHC{width:20px;height:20px}.n3eSW{background-color:#e6f3fd;color:#0786e7;font-size:14px;font-weight:500;line-height:20px;display:flex;justify-content:center;align-items:center;border-radius:4px;padding:14px;cursor:pointer}.n3eSW.alL57{margin-top:24px}.n3eSW.alL57 .ajN94{transform:rotate(90deg)}.n3eSW.M8VV6{margin-bottom:24px}.n3eSW.M8VV6 .ajN94{transform:rotate(270deg)}.n3eSW .ajN94{display:flex}
.Pqgx4{display:flex;flex-direction:column;gap:16px;align-items:center;justify-content:center;padding:16px 0}.oz8Xk{margin-top:32px;width:128px;height:128px}.RA3Id{margin-top:16px;font-weight:600;font-size:16px;line-height:24px;color:#364354;text-align:center}
.q3Apm{display:flex;align-items:center;justify-content:center;background-color:#fff;border:1px solid #ebecee;border-radius:32px;padding:8px 12px;color:#364354;font-size:12px;max-width:-moz-fit-content;max-width:fit-content;line-height:16px;font-weight:400;height:32px}.q3Apm:hover{border-color:#ccd0d4}.q3Apm .IjOsJ{width:16px !important;height:16px !important;margin-left:4px}.q3Apm .IjOsJ>div{margin-right:0}.q3Apm .IjOsJ i{font-size:16px}
.bPkea{display:flex;flex-wrap:wrap;gap:8px;margin-bottom:16px}.bPkea .U1e_X{width:inherit;margin-left:8px}.bPkea .U1e_X:visited:active{color:#0786e7}.bPkea .U1e_X:hover{-webkit-text-decoration:underline;text-decoration:underline;text-underline-offset:3px}
@keyframes B8YfG{50%{transform:translate(-50%, 0)}}.asvLU{border-radius:4px;overflow:hidden}.asvLU[data-merchant="1497"]{background-color:rgba(243,110,12,.2)}.asvLU[data-merchant="9968"]{background-color:rgba(0,108,220,.2)}.asvLU[data-merchant="11448"]{background-color:#ebecee}.asvLU[data-merchant="11512"]{background-color:#ffecef}.asvLU[data-merchant="10370"]{background-color:#e6f3fd}.asvLU[data-merchant="36"]{background-color:#b0ddf9}.V5sGh{height:120px;position:relative;display:flex;align-items:center}@media(min-width: 1200px){.V5sGh{height:136px}}.V5sGh>img{position:absolute;top:0;width:100%}.yxRp5{position:relative;display:flex;gap:8px;padding:0 8px 8px}.yxRp5>div{background:#fff;width:160px}.yxRp5>div>div:nth-child(2){padding:0 8px 8px}@media(min-width: 1200px){.yxRp5{padding:0 12px 12px}.yxRp5>div{width:220px}}.PGxHb{height:430px !important}@media(min-width: 1200px){.PGxHb{height:536px !important}}
@keyframes _ZMl1{50%{transform:translate(-50%, 0)}}.joSXJ{width:928px}.joSXJ .jB8tD{display:flex;justify-content:space-between;width:100%;overflow:hidden}.joSXJ .LIAkw:hover{background-color:#0786e7;color:#fff}@media(max-width: 1199px){.joSXJ{width:680px}}.nYoMu{width:100%;height:536px;margin:8px 0}@media(max-width: 1199px){.nYoMu{height:430px}}
@keyframes wIM7r{50%{transform:translate(-50%, 0)}}.dWBEz{font-style:normal;display:flex;border-radius:4px;width:100%;overflow:hidden;border:1px solid #ebecee;box-sizing:border-box;position:relative}.dWBEz .j9GVl{cursor:pointer;display:flex;width:100%;height:inherit}.dWBEz .j9GVl .xLZSN{position:relative;background-color:#f5f5f7;padding:12px;min-width:180px;max-width:180px;display:flex;align-items:center}.dWBEz .j9GVl .xLZSN .EG7vw{position:absolute;top:8px;left:8px;z-index:1}.dWBEz .j9GVl .xLZSN .rzHEI{position:absolute;top:8px;right:8px;z-index:1}.dWBEz .j9GVl .puF5U{padding:12px 0 12px 12px;display:flex;justify-content:space-between;align-items:flex-start;position:relative;width:100%}.dWBEz .j9GVl .puF5U>h3{color:#364354;font-size:14px;font-weight:500;line-height:20px;height:40px;margin:0px;display:-webkit-box;-webkit-line-clamp:2;-webkit-box-orient:vertical;overflow:hidden}.dWBEz .j9GVl .puF5U .NVt_n{display:flex;justify-content:flex-end;gap:4px;margin-right:12px}.dWBEz .j9GVl .puF5U .NVt_n .dqkWb{position:absolute;bottom:14px;z-index:1}@media(min-width: 1200px){.dWBEz .j9GVl .puF5U .NVt_n{width:160px}.dWBEz .j9GVl .puF5U .NVt_n .dqkWb{width:inherit}}@media(max-width: 1199px){.dWBEz .j9GVl .puF5U .NVt_n{width:102px}.dWBEz .j9GVl .puF5U .NVt_n .dqkWb{width:inherit;padding:10px 16px;white-space:break-spaces}.dWBEz .j9GVl .puF5U .NVt_n .dqkWb.AsO9f i{display:none}}.dWBEz .Oh1xQ{position:absolute;display:flex;gap:12px;align-items:flex-end;justify-content:space-between;left:190px;right:12px;bottom:12px}.dWBEz .Oh1xQ .CZthP{display:flex;gap:12px}.dWBEz .Oh1xQ .CZthP .ZvRbD{width:176px;padding:8px;display:flex;border:1px solid #ebecee;border-radius:6px;background:rgba(0,0,0,0);cursor:pointer}.dWBEz .Oh1xQ .CZthP .ZvRbD .pDjkg{text-align:left;padding:0;display:flex;flex-direction:column;justify-content:space-between;overflow:hidden}.dWBEz .Oh1xQ .CZthP .ZvRbD .pDjkg .s2nra{position:absolute}.dWBEz .Oh1xQ .CZthP .ZvRbD .pDjkg .N9xux{display:flex;align-items:center;flex-direction:row;gap:4px}.dWBEz .Oh1xQ .CZthP .ZvRbD .pDjkg p{margin:12px 0 0 0;padding:0px}.dWBEz .Oh1xQ .CZthP .ZvRbD .pDjkg p.tnwdh{color:#364354;font-size:16px;font-weight:600;line-height:22px;letter-spacing:-0.32px}.dWBEz .Oh1xQ .CZthP .ZvRbD .pDjkg p.qoWz6{color:#68727e;font-size:12px;font-weight:400;line-height:16px;margin:0}.dWBEz .Oh1xQ .CZthP .ZvRbD .pDjkg .HyJ1h{padding:4px;width:63px;height:32px}.dWBEz .Oh1xQ .CZthP .ZvRbD .x1t4S{color:#364354;margin-top:12px;margin-left:4px}.dWBEz .Oh1xQ .CZthP .ZvRbD .N3_Is{padding:8px;white-space:nowrap}.dWBEz .Oh1xQ .CZthP .ZvRbD.g28_w{cursor:unset}.dWBEz .Oh1xQ .CZthP .ZvRbD.g28_w:first-of-type::after{content:""}.dWBEz .Oh1xQ .CZthP .ZvRbD.g28_w .tnwdh{color:#68727e}.dWBEz .Oh1xQ .CZthP .ZvRbD.g28_w .HyJ1h{filter:grayscale(1)}@media(max-width: 1199px){.dWBEz .Oh1xQ .CZthP .ZvRbD:nth-child(3){display:none}}.dWBEz .Oh1xQ .CZthP .oNDsp{width:169px;border:1px solid #ebecee;border-radius:8px;min-height:84px;display:flex;align-items:center;text-align:center}.dWBEz[data-size=small]{height:180px}.dWBEz[data-size=small] [data-button=true]{height:86px}.dWBEz[data-size=medium]{height:180px}.dWBEz[data-size=medium] [data-button=true]{height:100px}.dWBEz[data-size=large]{height:186px}.dWBEz[data-size=large] [data-button=true]{height:106px}.dWBEz[data-size=xlarge]{height:204px}.dWBEz[data-size=xlarge] [data-button=true]{height:112px}.dWBEz[data-size=xxlarge]{height:208px}.dWBEz[data-size=xxlarge] [data-button=true]{height:118px}.dWBEz[data-size=xxxlarge]{height:224px}.dWBEz[data-size=xxxlarge] [data-button=true]{height:134px}@media(max-width: 1199px){.w8SZ1{width:680px;height:180px;object-fit:cover;object-position:left center}}
.fqAmo{position:relative;width:var(--size);height:var(--size);--circle-perimeter: calc(var(--r) * 2 * 3.14159);--circle-offset: calc(var(--circle-perimeter) * (1 - (var(--percentage) / 100)))}.fqAmo svg{width:100%;height:100%;background-color:#fff;border-radius:50%}.fqAmo svg circle{fill:none;stroke-width:var(--stroke);stroke:#e6f3fd;stroke-dasharray:var(--circle-perimeter);stroke-linecap:round;transform:rotate(-88deg);transform-origin:center}.fqAmo svg circle:nth-child(2){stroke:#0786e7;stroke-dashoffset:calc(var(--circle-offset) + var(--stroke))}.fqAmo .WgyVW{position:absolute;display:flex;flex-direction:column;align-items:center;top:50%;left:50%;transform:translate(-50%, -50%);line-height:.7em}.fqAmo .WgyVW span{font-weight:600;color:#364354}.fqAmo .WgyVW span:nth-child(2){font-weight:500;color:#68727e}.fqAmo.VxNYo .WgyVW span{font-size:12px}.fqAmo.VxNYo .WgyVW span:nth-child(2){font-size:8px}.fqAmo.OU7VJ .WgyVW span{font-size:14px}.fqAmo.OU7VJ .WgyVW span:nth-child(2){font-size:10px}
@keyframes C0epJ{50%{transform:translate(-50%, 0)}}.iq_tV{position:relative;display:flex;cursor:pointer}.iq_tV .MSfdI{position:absolute;color:#ebecee;font-size:12px;font-style:normal;font-weight:400;line-height:16px;border-radius:4px;padding:8px;opacity:0;visibility:hidden;min-width:calc(50vw - 24px)}@media(min-width: 768px){.iq_tV .MSfdI{min-width:200px}}.iq_tV .MSfdI.C4XyY{background:#28323f}.iq_tV .MSfdI.AhV5R{background:#fff;box-shadow:0px 2px 4px -2px rgba(41,50,63,.06),0px 4px 8px -2px rgba(41,50,63,.1);border:1px solid #ebecee}.iq_tV .MSfdI.AhV5R:before{content:"";position:absolute;transform:translateX(-50%);border-width:9.5px;border-style:solid}.iq_tV .MSfdI.mdNgZ{opacity:1;visibility:visible;z-index:2}.iq_tV .MSfdI::after{content:"";position:absolute;width:0;height:0;border:8px solid rgba(0,0,0,0)}.iq_tV.WoGWC .MSfdI{bottom:calc(100% + 5px);left:50%;transform:translateX(-50%)}.iq_tV.WoGWC .MSfdI.C4XyY:after{border-top-color:rgba(0,0,0,.8)}.iq_tV.WoGWC .MSfdI.AhV5R:after{border-top-color:#fff}.iq_tV.WoGWC .MSfdI.AhV5R:before{top:100%;left:50%;border-color:#ebecee rgba(0,0,0,0) rgba(0,0,0,0) rgba(0,0,0,0)}.iq_tV.WoGWC .MSfdI::after{top:100%;left:50%;transform:translateX(-50%)}.iq_tV.iHt9S .MSfdI{top:calc(100% + 5px);left:50%;transform:translateX(-50%)}.iq_tV.iHt9S .MSfdI.C4XyY:after{border-bottom-color:rgba(0,0,0,.8)}.iq_tV.iHt9S .MSfdI.AhV5R:after{border-bottom-color:#fff}.iq_tV.iHt9S .MSfdI.AhV5R:before{bottom:100%;left:50%;border-color:rgba(0,0,0,0) rgba(0,0,0,0) #ebecee rgba(0,0,0,0)}.iq_tV.iHt9S .MSfdI::after{bottom:100%;left:50%;transform:translateX(-50%)}.iq_tV.TDqyR .MSfdI{top:50%;right:calc(100% + 5px);transform:translateY(-50%)}.iq_tV.TDqyR .MSfdI.C4XyY:after{border-color:rgba(0,0,0,0) rgba(0,0,0,0) rgba(0,0,0,0) rgba(0,0,0,.8)}.iq_tV.TDqyR .MSfdI.AhV5R:after{border-color:rgba(0,0,0,0) rgba(0,0,0,0) rgba(0,0,0,0) #fff}.iq_tV.TDqyR .MSfdI.AhV5R:before{top:50%;left:100%;border-color:rgba(0,0,0,0) rgba(0,0,0,0) rgba(0,0,0,0) #ebecee}.iq_tV.TDqyR .MSfdI::after{top:50%;left:100%;transform:translateY(-50%)}.iq_tV.UcPbn .MSfdI{top:50%;left:calc(100% + 5px);transform:translateY(-50%)}.iq_tV.UcPbn .MSfdI.C4XyY:after{border-color:rgba(0,0,0,0) rgba(0,0,0,.8) rgba(0,0,0,0) rgba(0,0,0,0)}.iq_tV.UcPbn .MSfdI.AhV5R:after{border-color:rgba(0,0,0,0) #fff rgba(0,0,0,0) rgba(0,0,0,0)}.iq_tV.UcPbn .MSfdI.AhV5R:before{top:50%;right:100%;border-color:rgba(0,0,0,0) #ebecee rgba(0,0,0,0) rgba(0,0,0,0)}.iq_tV.UcPbn .MSfdI::after{top:50%;right:100%;transform:translateY(-50%)}.iq_tV.AgrIA .MSfdI{bottom:calc(100% + 12px);left:-8px}@media(min-width: 768px){.iq_tV.AgrIA .MSfdI{left:0}}.iq_tV.AgrIA .MSfdI.C4XyY:after{border-top-color:rgba(0,0,0,.8)}.iq_tV.AgrIA .MSfdI.AhV5R:after{border-top-color:#fff}.iq_tV.AgrIA .MSfdI.AhV5R:before{top:100%;left:12px;border-color:#ebecee rgba(0,0,0,0) rgba(0,0,0,0) rgba(0,0,0,0)}.iq_tV.AgrIA .MSfdI::after{top:100%;left:12px;transform:translateX(50%)}.iq_tV.TGOLh .MSfdI{bottom:calc(100% + 12px);right:-8px}@media(min-width: 768px){.iq_tV.TGOLh .MSfdI{right:-6px}}.iq_tV.TGOLh .MSfdI.C4XyY:after{border-top-color:rgba(0,0,0,.8)}.iq_tV.TGOLh .MSfdI.AhV5R:after{border-top-color:#fff}.iq_tV.TGOLh .MSfdI.AhV5R:before{top:100%;right:12px;border-color:#ebecee rgba(0,0,0,0) rgba(0,0,0,0) rgba(0,0,0,0)}.iq_tV.TGOLh .MSfdI::after{top:100%;right:12px;transform:translateX(-50%)}.iq_tV.rSYYi .MSfdI{top:calc(100% + 12px);transform:translateX(-50%);left:-8px}@media(min-width: 768px){.iq_tV.rSYYi .MSfdI{left:0}}.iq_tV.rSYYi .MSfdI.C4XyY:after{border-bottom-color:rgba(0,0,0,.8)}.iq_tV.rSYYi .MSfdI.AhV5R:after{border-bottom-color:#fff}.iq_tV.rSYYi .MSfdI.AhV5R:before{bottom:100%;left:12px;border-color:rgba(0,0,0,0) rgba(0,0,0,0) #ebecee rgba(0,0,0,0)}.iq_tV.rSYYi .MSfdI::after{bottom:100%;left:12px;transform:translateX(50%)}.iq_tV.mLWp3 .MSfdI{top:calc(100% + 12px);right:-8px}@media(min-width: 768px){.iq_tV.mLWp3 .MSfdI{right:-6px}}.iq_tV.mLWp3 .MSfdI.C4XyY:after{border-bottom-color:rgba(0,0,0,.8)}.iq_tV.mLWp3 .MSfdI.AhV5R:after{border-bottom-color:#fff}.iq_tV.mLWp3 .MSfdI.AhV5R:before{bottom:100%;right:5%;border-color:rgba(0,0,0,0) rgba(0,0,0,0) #ebecee rgba(0,0,0,0)}.iq_tV.mLWp3 .MSfdI::after{bottom:100%;right:5%;transform:translateX(-50%)}.iq_tV.YNZxr .MSfdI{top:50%;left:50%;transform:translate(-50%, -50%)}
@keyframes GVsoV{50%{transform:translate(-50%, 0)}}.NCKsG{width:96px;max-width:96px;color:#364354}.NCKsG:hover{cursor:pointer;-webkit-text-decoration:underline;text-decoration:underline;text-underline-offset:3px}.NCKsG:hover .qVxK5.L3cN8{box-shadow:0px 2px 6px rgba(41,50,63,.06),0px 32px 41px -23px rgba(41,50,63,.07)}.NCKsG .qVxK5{display:flex;align-items:center;justify-content:center;overflow:hidden;width:96px;max-width:96px;height:96px;border-radius:50%;cursor:pointer}.NCKsG .qVxK5.L3cN8{box-shadow:0px 1px 1px rgba(41,50,63,.04),0px 3px 4px rgba(41,50,63,.04);border:1px solid #ebecee}.NCKsG .qVxK5.HZbkv{background:rgba(235,236,238,.5)}.NCKsG .qVxK5.HZbkv img{mix-blend-mode:multiply}@media(min-width: 1200px){.NCKsG .qVxK5.HZbkv img{width:88px;height:88px}}.NCKsG .JM103{width:64px;height:64px;object-fit:contain}.NCKsG .DUQ7v{width:96px;font-weight:500;font-size:12px;line-height:20px;text-align:center;margin:16px 0 0 0;display:-webkit-box;-webkit-line-clamp:2;-webkit-box-orient:vertical;overflow:hidden}@media(min-width: 1200px){.NCKsG{width:128px;max-width:128px}.NCKsG .qVxK5{width:128px;max-width:128px;height:128px}.NCKsG .DUQ7v{font-size:14px;width:128px}}
@keyframes CMpJY{50%{transform:translate(-50%, 0)}}.f1wHJ{display:flex;justify-content:space-between}@media(min-width: 768px){.f1wHJ.zgOHx>a:not(:last-child){margin-right:40px}}
@keyframes EsjXJ{50%{transform:translate(-50%, 0)}}.yqcLT{display:flex;flex-direction:column;width:216px;align-items:flex-start;flex-shrink:0;border-radius:4px;border:1px solid #ebecee;background-color:#fff;margin-right:16px;position:-webkit-sticky;position:sticky;top:16px;max-height:calc(100vh - 16px);height:100%;padding-right:4px;padding-left:16px}@media(min-width: 1200px){.yqcLT{width:220px}}@media(min-width: 1200px){.yqcLT{width:220px}}.yqcLT.pk7wf{display:none}.yqcLT .mip4c{width:100%;overflow-y:scroll;padding-right:8px;margin-bottom:16px}.yqcLT .mip4c.cmggH{margin-top:16px}.yqcLT .mip4c::-webkit-scrollbar{background:#ebecee;width:4px;height:88px;border-radius:4px}.yqcLT .mip4c::-webkit-scrollbar-track{border-radius:4px;background:rgba(0,0,0,0)}.yqcLT .mip4c::-webkit-scrollbar-thumb{background:#ccd0d4;border-radius:4px}.yqcLT .mip4c::-webkit-scrollbar-thumb:hover{background:#9aa1a9}.yqcLT .mip4c::-webkit-scrollbar{background:rgba(0,0,0,0)}
</style><script>
          (function(w,l){w[l]=w[l]||[];w[l].push({'gtm.start':
          new Date().getTime(),event:'gtm.js'});
          })(window,'dataLayer');
          </script><link rel="shortcut icon" href="https://assets.cimri.com/assets/turbo-desktop/assets/favicon.ico" type="image/x-icon"><link rel="icon" href="https://assets.cimri.com/assets/turbo-desktop/assets/favicon.ico" type="image/x-icon"><link rel="icon" type="image/png" sizes="32x32" href="https://assets.cimri.com/assets/turbo-desktop/assets/favicon-32x32.png"><link rel="icon" type="image/png" sizes="96x96" href="https://assets.cimri.com/assets/turbo-desktop/assets/favicon-96x96.png"><link rel="icon" type="image/png" sizes="16x16" href="https://assets.cimri.com/assets/turbo-desktop/assets/favicon-16x16.png"><meta name="msapplication-TileColor" content="#0786e7"><meta name="msapplication-TileImage" content="https://assets.cimri.com/assets/turbo-desktop/assets/ms-icon-144x144.png"><script defer="" nomodule="" src="https://assets.cimri.com/assets/turbo-desktop/assets/polyfills.js"></script><script defer="" src="https://assets.cimri.com/assets/turbo-desktop/octopus/static/js/polyfills/9f10bff2993535f70545.js"></script><script defer="" src="https://assets.cimri.com/assets/turbo-desktop/octopus/static/js/preact-vendor/4f3c05a308d7c36cd524.js"></script><script defer="" src="https://assets.cimri.com/assets/turbo-desktop/octopus/static/js/search/0807258252ba4f257079.js"></script><script defer="" src="https://assets.cimri.com/assets/turbo-desktop/octopus/static/js/_common/4f44b3fab4d69cb66bc1.js"></script><script defer="" src="https://assets.cimri.com/assets/turbo-desktop/octopus/static/js/search.ads/8b688a3cf7aabca11a37.js"></script><script charset="utf-8" data-webpack="@cimri/desktop:chunk-2469" src="https://assets.cimri.com/assets/turbo-desktop/octopus/static/js/2469/bef58545cba8a992d2f6.js"></script></head><body data-pagetype="SEARCH"><noscript>
          <iframe src="https://www.googletagmanager.com/ns.html?id=GTM-THWD4B"
          height="0" width="0" style="display:none;visibility:hidden"></iframe>
        </noscript><div id="octopus"><div id="dfp-oop" class="v9kcb cwnyj"></div><div id="adslot-masthead" class="v9kcb YI1vi"></div><octopus-island component="header" hydration="domcontentloaded"><header class="wjU9o" id="adScrollInitiator"><div class="ZgaDS"><div class="lc8Iw"><div class="UenQg"><a href="/" aria-label="cimri anasayfa" class="GtZ3T gfrbn mBv5i bD36s ktYB1">cimri<div></div></a><a href="/market" aria-label="cimri markette" class="GtZ3T gfrbn bD36s ktYB1">cimri markette<div></div></a><a href="/finans/ihtiyac-kredisi" class="GtZ3T gfrbn bD36s ktYB1">cimri finans<div></div></a></div><div class="pcbw6"><i class="cimri-icon-phone"></i><div class="n6sjJ">Mobil uygulamayı indir</div></div></div></div><div class="Zn4PO"></div><div class="ZgaDS"><div class="AT_9r"><div class="IOP5T"><a href="/" class="fXFD4" aria-label="anasayfa"><img width="88" height="30" alt="cimri-logo" src="https://cdn.cimri.io/web-images/desktop_cimri.png" class="" loading="eager" fetchpriority="high"></a><div class="h1nVU"><div class="e5Qhm EuicZ"><div class="CF_8n"><a href="/tum-kategoriler" class="GtZ3T r3N4E NtBc7 ktYB1">Kategoriler<div class="__2qn"><i class="cimri-icon-arrow-right-next"></i></div></a></div><div class="Hf43X"><div class=""><div><div><div><a href="/elektronik" title="Elektronik, Cep Telefonu" class="Ifjnt JazSU ktYB1"><div class="menu-category-item-content"><div class="menu-category-item-icon"><i class="cimri-icon-phone"></i></div><div class="menu-category-item-label">Elektronik, Cep Telefonu</div></div><div class="ORMnY"><i class="cimri-icon-arrow-right-next"></i></div></a></div><div class="undefined"><div class=""><div>Popüler Kategoriler</div><div><a href="/cep-telefonlari" title="Cep Telefonları">Cep Telefonları</a><a href="/televizyonlar" title="Televizyonlar">Televizyonlar</a><a href="/buzdolaplari" title="Buzdolapları">Buzdolapları</a><a href="/dizustu-bilgisayar" title="Dizüstü Bilgisayarlar">Dizüstü Bilgisayarlar</a><a href="/klimalar" title="Klimalar">Klimalar</a><a href="/vantilatorler" title="Vantilatörler">Vantilatörler</a><a href="/robot-supurgeler" title="Robot Süpürgeler">Robot Süpürgeler</a><a href="/derin-dondurucular" title="Derin Dondurucular">Derin Dondurucular</a><a href="/tablet-pc" title="Tablet Pc">Tablet Pc</a><a href="/bulasik-makineleri" title="Bulaşık Makineleri">Bulaşık Makineleri</a></div></div></div></div><div><div><a href="/ev-yasam-ofis-kirtasiye" title="Ev, Yaşam,
Ofis, Kırtasiye" class="Ifjnt JazSU ktYB1"><div class="menu-category-item-content"><div class="menu-category-item-icon"><i class="cimri-icon-home-lifestyle"></i></div><div class="menu-category-item-label">Ev, Yaşam,
Ofis, Kırtasiye</div></div><div class="ORMnY"><i class="cimri-icon-arrow-right-next"></i></div></a></div><div class="undefined"><div class=""><div>Popüler Kategoriler</div><div><a href="/tencere-tava-setleri" title="Tencere ve Tava Setleri">Tencere ve Tava Setleri</a><a href="/gardrop-dolap" title="Gardrop &amp; Dolap">Gardrop &amp; Dolap</a><a href="/yemek-takimi" title="Yemek Takımı">Yemek Takımı</a><a href="/yatak" title="Yatak">Yatak</a><a href="/tv-sehpasi-tv-koltugu" title="TV Ünitesi ve Sehpası">TV Ünitesi ve Sehpası</a><a href="/tavalar" title="Tava Setleri">Tava Setleri</a><a href="/fincan-bardak-kahve-takimi" title="Fincan &amp; Bardak &amp; Kahve Takımı">Fincan &amp; Bardak &amp; Kahve Takımı</a><a href="/bicaklar-ve-bicak-setleri" title="Bıçak Setleri">Bıçak Setleri</a><a href="/catal-kasik-bicak-takimlari" title="Çatal Bıçak Kaşık Takımları">Çatal Bıçak Kaşık Takımları</a><a href="/salon-halisi" title="Salon Halısı">Salon Halısı</a></div></div></div></div><div><div><a href="/anne-bebek-oyuncak" title="Anne, Bebek,
Oyuncak" class="Ifjnt JazSU ktYB1"><div class="menu-category-item-content"><div class="menu-category-item-icon"><i class="cimri-icon-mother-baby-bottle"></i></div><div class="menu-category-item-label">Anne, Bebek,
Oyuncak</div></div><div class="ORMnY"><i class="cimri-icon-arrow-right-next"></i></div></a></div><div class="undefined"><div class=""><div>Popüler Kategoriler</div><div><a href="/bebek-arabasi-ve-pusetler" title="Bebek Arabası ve Pusetler">Bebek Arabası ve Pusetler</a><a href="/akulu-araba" title="Akülü Araba">Akülü Araba</a><a href="/bebek-bezi" title="Bebek Bezi">Bebek Bezi</a><a href="/legolar-yapim-oyuncaklari" title="Legolar">Legolar</a><a href="/bebek-mamalari" title="Bebek Mamaları">Bebek Mamaları</a><a href="/oyun-seti" title="Oyun Seti">Oyun Seti</a><a href="/oyuncak-bebekler" title="Oyuncak Bebekler">Oyuncak Bebekler</a><a href="/bebek-mendil-islak-mendil" title="Bebek Islak Mendil">Bebek Islak Mendil</a><a href="/mama-sandalyesi" title="Mama Sandalyesi">Mama Sandalyesi</a><a href="/bebek-telsizi" title="Bebek Telsizi">Bebek Telsizi</a></div></div></div></div><div><div><a href="/saat-moda-taki" title="Saat, Moda, Takı, Ayakkabı" class="Ifjnt JazSU ktYB1"><div class="menu-category-item-content"><div class="menu-category-item-icon"><i class="cimri-icon-fashion-t-shirt"></i></div><div class="menu-category-item-label">Saat, Moda, Takı, Ayakkabı</div></div><div class="ORMnY"><i class="cimri-icon-arrow-right-next"></i></div></a></div><div class="undefined"><div class=""><div>Popüler Kategoriler</div><div><a href="/kol-saatleri" title="Kol Saatleri">Kol Saatleri</a><a href="/spor-ayakkabi" title="Spor Ayakkabı">Spor Ayakkabı</a><a href="/kulce-ziynet-ve-cumhuriyet-altini" title="Gram &amp; Külçe Altın">Gram &amp; Külçe Altın</a><a href="/kadin-terlikleri-ve-sandaletleri" title="Kadın Terlik ve Sandalet">Kadın Terlik ve Sandalet</a><a href="/unisex-gunes-gozlukleri" title="Unisex Güneş Gözlükleri">Unisex Güneş Gözlükleri</a><a href="/bavul-valiz" title="Valiz">Valiz</a><a href="/erkek-gunluk-ayakkabilari" title="Erkek Günlük Ayakkabıları">Erkek Günlük Ayakkabıları</a><a href="/erkek-terlikleri-ve-sandaletleri" title="Erkek Terlik ve Sandalet">Erkek Terlik ve Sandalet</a><a href="/erkek-gunes-gozlukleri" title="Erkek Güneş Gözlük">Erkek Güneş Gözlük</a><a href="/kadin-gunes-gozlukleri" title="Kadın Güneş Gözlükleri">Kadın Güneş Gözlükleri</a></div></div></div></div><div><div><a href="/kitap-muzik-hobi" title="Kitap,
Müzik, Hobi" class="Ifjnt JazSU ktYB1"><div class="menu-category-item-content"><div class="menu-category-item-icon"><i class="cimri-icon-book"></i></div><div class="menu-category-item-label">Kitap,
Müzik, Hobi</div></div><div class="ORMnY"><i class="cimri-icon-arrow-right-next"></i></div></a></div><div class="undefined"><div class=""><div>Popüler Kategoriler</div><div><a href="/drone" title="Drone">Drone</a><a href="/oyun-konsollari" title="Oyun Konsolları">Oyun Konsolları</a><a href="/zeka-oyunlari" title="Zeka Oyunları">Zeka Oyunları</a><a href="/yetiskinler-icin-oyunlar" title="Yetişkinler İçin Oyunlar">Yetişkinler İçin Oyunlar</a><a href="/aksiyon-figurleri" title="Aksiyon Figürleri">Aksiyon Figürleri</a><a href="/playstation-4-ps4-oyunlari" title="PlayStation 4 Oyun">PlayStation 4 Oyun</a><a href="/konsol-aksesuarlari" title="Konsol Aksesuarları">Konsol Aksesuarları</a><a href="/bilgisayar-oyunlari" title="Bilgisayar Oyunları">Bilgisayar Oyunları</a><a href="/xbox-oyunlari" title="Xbox Oyunları">Xbox Oyunları</a><a href="/klasik-gitarlar" title="Klasik Gitarlar">Klasik Gitarlar</a></div></div></div></div><div><div><a href="/spor-outdoor" title="Spor,
Outdoor" class="Ifjnt JazSU ktYB1"><div class="menu-category-item-content"><div class="menu-category-item-icon"><i class="cimri-icon-sport-football"></i></div><div class="menu-category-item-label">Spor,
Outdoor</div></div><div class="ORMnY"><i class="cimri-icon-arrow-right-next"></i></div></a></div><div class="undefined"><div class=""><div>Popüler Kategoriler</div><div><a href="/elektrikli-bisikletler" title="Elektrikli Bisikletler">Elektrikli Bisikletler</a><a href="/dag-bisikletleri" title="Dağ Bisikletleri">Dağ Bisikletleri</a><a href="/trekking-ayakkabisi-botu" title="Trekking Ayakkabısı">Trekking Ayakkabısı</a><a href="/kamp-sandalyesi" title="Kamp Sandalyesi">Kamp Sandalyesi</a><a href="/cadir" title="Çadır">Çadır</a><a href="/sehir-gezi-bisikletleri" title="Şehir ve Gezi Bisikletleri">Şehir ve Gezi Bisikletleri</a><a href="/paten" title="Paten">Paten</a><a href="/hoverboard" title="Hoverboard">Hoverboard</a><a href="/scooter" title="Scooter">Scooter</a><a href="/katlanabilir-bisiklet" title="Katlanabilir Bisiklet">Katlanabilir Bisiklet</a></div></div></div></div><div><div><a href="/saglik-bakim-kozmetik" title="Sağlık, Bakım, Kozmetik" class="Ifjnt JazSU ktYB1"><div class="menu-category-item-content"><div class="menu-category-item-icon"><i class="cimri-icon-cosmetic-make-up-lipstick"></i></div><div class="menu-category-item-label">Sağlık, Bakım, Kozmetik</div></div><div class="ORMnY"><i class="cimri-icon-arrow-right-next"></i></div></a></div><div class="undefined"><div class=""><div>Popüler Kategoriler</div><div><a href="/kolonya-gulsuyu" title="Kolonya ve Gülsuyu">Kolonya ve Gülsuyu</a><a href="/tiras-makineleri" title="Tıraş Makineleri">Tıraş Makineleri</a><a href="/sac-kesme-makineleri" title="Saç Kesme Makineleri">Saç Kesme Makineleri</a><a href="/erkek-parfumleri" title="Erkek Parfüm">Erkek Parfüm</a><a href="/kadin-parfumleri" title="Kadın Parfüm">Kadın Parfüm</a><a href="/epilasyon-aletleri" title="Epilasyon Aletleri">Epilasyon Aletleri</a><a href="/gunes-kremleri-ve-losyonlari" title="Güneş Kremi ve Losyon">Güneş Kremi ve Losyon</a><a href="/sampuan-ve-sac-kremi" title="Şampuan ve Saç Kremi">Şampuan ve Saç Kremi</a><a href="/dis-fircalari" title="Diş Fırçaları">Diş Fırçaları</a><a href="/sac-sekillendiriciler" title="Saç Şekillendiriciler">Saç Şekillendiriciler</a><a href="/yuz-koruyucu-maske" title="Yüz Koruyucu Maske">Yüz Koruyucu Maske</a></div></div></div></div><div><div><a href="/oto-bahce-yapi-market" title="Oto, Bahçe, Yapı Market" class="Ifjnt JazSU ktYB1"><div class="menu-category-item-content"><div class="menu-category-item-icon"><i class="cimri-icon-tools-drill-hardware-store"></i></div><div class="menu-category-item-label">Oto, Bahçe, Yapı Market</div></div><div class="ORMnY"><i class="cimri-icon-arrow-right-next"></i></div></a></div><div class="undefined"><div class=""><div>Popüler Kategoriler</div><div><a href="/lastikler" title="Lastikler">Lastikler</a><a href="/akulu-vidalama-makinesi" title="Akülü Vidalama Makinesi">Akülü Vidalama Makinesi</a><a href="/motorlu-tirpan" title="Motorlu Tırpan">Motorlu Tırpan</a><a href="/boyalar" title="Boyalar">Boyalar</a><a href="/capalama-makinesi" title="Çapalama Makinesi">Çapalama Makinesi</a><a href="/matkaplar" title="Matkaplar">Matkaplar</a><a href="/oto-teypleri" title="Oto Teypleri">Oto Teypleri</a><a href="/agac-kesme-makinesi" title="Ağaç Kesme Makinesi">Ağaç Kesme Makinesi</a><a href="/avize" title="Avize">Avize</a></div></div></div></div><div><div><a href="/pet" title="Petshop" class="Ifjnt JazSU ktYB1"><div class="menu-category-item-content"><div class="menu-category-item-icon"><i class="cimri-icon-pets-animals-pet-shop"></i></div><div class="menu-category-item-label">Petshop</div></div><div class="ORMnY"><i class="cimri-icon-arrow-right-next"></i></div></a></div><div class="undefined"><div class=""><div>Popüler Kategoriler</div><div><a href="/kuru-kedi-mamasi" title="Kuru Kedi Maması">Kuru Kedi Maması</a><a href="/kuru-kopek-mamasi" title="Kuru Köpek Maması">Kuru Köpek Maması</a><a href="/kopek-konserve-mamasi" title="Konserve Köpek Maması">Konserve Köpek Maması</a><a href="/kedi-kumu" title="Kedi Kumu">Kedi Kumu</a><a href="/kedi-odulu" title="Kedi Ödülü">Kedi Ödülü</a><a href="/kus-kafesi" title="Kuş Kafesi">Kuş Kafesi</a><a href="/konserve-yas-kedi-mamasi" title="Yaş Kedi Maması">Yaş Kedi Maması</a><a href="/kedi-oyuncaklari" title="Kedi Oyuncakları">Kedi Oyuncakları</a><a href="/kus-yemi" title="Kuş Yemi">Kuş Yemi</a><a href="/kopek-tasmasi" title="Köpek Tasması">Köpek Tasması</a></div></div></div></div><div><div><a href="/market" title="Cimri Markette" class="Ifjnt yYNG9 ktYB1"><div class="menu-category-item-content"><div class="menu-category-item-icon"><i class="cimri-icon-shopping-basket-cimri-market"></i></div><div class="menu-category-item-label">Cimri Markette</div></div><div class="DX_tN"><i class="cimri-icon-arrow-up-right-open-link"></i></div></a></div><div class="undefined"><div class=""><div>Popüler Kategoriler</div><div><a href="/market/meyve" title="Meyve">Meyve</a><a href="/market/sebze" title="Sebze">Sebze</a><a href="/market/dondurma" title="Dondurma">Dondurma</a><a href="/market/cay" title="Çay">Çay</a><a href="/market/kahve" title="Kahve">Kahve</a><a href="/market/tereyag-ve-margarin" title="Tereyağ ve Margarin">Tereyağ ve Margarin</a><a href="/market/camasir-deterjani" title="Çamaşır Deterjanı">Çamaşır Deterjanı</a><a href="/market/sut" title="Süt">Süt</a><a href="/market/temizlik-malzemeleri" title="Temizlik Malzemeleri">Temizlik Malzemeleri</a><a href="/market/tuvalet-kagidi" title="Tuvalet Kağıdı">Tuvalet Kağıdı</a></div></div></div></div></div></div></div></div></div></div><div class="jyKWk"><div class="C3KlU"><div class="zm2vx">kedi mamasi</div><div class="Zhail"><i class="cimri-icon-search"></i></div></div><div class="Ut0Q3"><a href="/cep-telefonlari/en-ucuz-apple-iphone-17-fiyatlari,a2393572193" title="iPhone 17" class="M3bA3 ktYB1">iPhone 17</a><a href="/cep-telefonlari/en-ucuz-samsung-galaxy-a56-fiyatlari,a2372353093" title="Galaxy A56" class="M3bA3 ktYB1">Galaxy A56</a><a href="/buzdolaplari" title="Buzdolabı" class="M3bA3 ktYB1">Buzdolabı</a><a href="/oyun-konsollari/en-ucuz-sony-playstation-5-pro-2tb-oyun-konsolu-fiyatlari,2389804611" title="PS 5 Pro" class="M3bA3 ktYB1">PS 5 Pro</a><a href="/bluetooth-kulaklik/en-ucuz-apple-airpods-pro-3-nesil-bluetooth-kulaklik-fiyatlari,2502964135" title="AirPods Pro 3" class="M3bA3 ktYB1">AirPods Pro 3</a><a href="/cep-telefonlari/en-ucuz-xiaomi-14t-pro-fiyatlari,a2372365900" title="Xiaomi 14T Pro" class="M3bA3 ktYB1">Xiaomi 14T Pro</a></div></div><div class="J5iFR"><a href="/brosur" title="Broşürler" class="Od86S ktYB1"><button aria-label="broşür" class="nnPQT wP06Y mlotd nflKW jF7U0"><i class="cimri-icon-brochures"></i></button><span>Broşürler</span></a><a href="/indirimli-urunler" title="Fiyatı Düşenler" class="Od86S ktYB1"><button aria-label="indirimli ürünler" class="nnPQT wP06Y mlotd nflKW jF7U0"><i class="cimri-icon-sale-discount-promotion"></i></button><span>Fiyatı Düşenler</span></a><div title="Favoriler" class="Od86S"><button aria-label="favoriler butonu" class="nnPQT wP06Y mlotd nflKW jF7U0"><i class="cimri-icon-heart"></i></button><span>Favoriler</span></div><div class="Od86S"><div><div class="h1nVU"><div class="e5Qhm OC_6c"><div class="CF_8n"><div class="HyIkj"><div><button aria-label="hesabım butonu" class="nnPQT wP06Y EnWFQ nflKW"><i class="cimri-icon-avatar-login"></i></button></div><div class="udYsy"><span>Giriş Yap</span><i class="cimri-icon-arrow-right-next"></i></div></div></div><div class="Hf43X"><div><div><div title="Giriş Yap" class="Ifjnt DyUzZ"><div class="menu-category-item-content"><div class="menu-category-item-icon"><i class="cimri-icon-avatar-login"></i></div><div class="menu-category-item-label">Giriş Yap</div></div></div><div title="Kayıt Ol" class="Ifjnt DyUzZ"><div class="menu-category-item-content"><div class="menu-category-item-icon"><i class="cimri-icon-avatar-register"></i></div><div class="menu-category-item-label">Kayıt Ol</div></div></div><div title="Fiyat Alarmı" class="Ifjnt DyUzZ"><div class="menu-category-item-content"><div class="menu-category-item-icon"><i class="cimri-icon-bell"></i></div><div class="menu-category-item-label">Fiyat Alarmı</div></div></div><div title="Broşür Takip Listem" class="Ifjnt DyUzZ"><div class="menu-category-item-content"><div class="menu-category-item-icon"><i class="cimri-icon-brochures"></i></div><div class="menu-category-item-label">Broşür Takip Listem</div></div></div></div><!--$--></div></div></div></div></div></div></div></div></div><div class="Zn4PO"></div></header></octopus-island><main><div class="ZgaDS"><div class="coXDp JGp3C wVKQD"><div id="adslot-pageskin-left" class="v9kcb SwIB7"></div></div><div class="coXDp JGp3C vjAiw"><div id="adslot-pageskin-right" class="v9kcb SwIB7"></div></div><div class="Z82Pg Kp4lY"><ul id="breadcrumb"><li><a href="/" title="Ana Sayfa">Ana Sayfa</a></li><li><i class="cimri-icon-arrow-right-next"></i><span>Arama</span></li></ul></div><div class="dtzsU lA31D"><div class="bdD0M undefined"><div class="Q5RD3"><div class="zmp3k">“<h1>kedi mamasi</h1>”<span>arama sonuçları</span></div></div><div class="E0OUP"><span class="vj1UW">43.755 Ürün</span></div></div><octopus-island component="sorting" hydration="domcontentloaded"><div style="min-width:200px" class="oH_u7"><button class="MeWcx fjqfi"><span class="DvBlA fjqfi">En Popüler Ürünler</span><span class="Lylb4"><i class="cimri-icon-arrow-down"></i></span></button><div class="tGp8G" style="min-width:100%"><div class="ulIH5"><a href="/arama?q=kedi+mamasi" rel="nofollow" class="OXu5v lE1dJ">En Popüler Ürünler</a><a href="/arama?sort=price%2Casc&amp;q=kedi+mamasi" rel="nofollow" class="OXu5v lE1dJ">En Düşük Fiyat</a><a href="/arama?sort=price%2Cdesc&amp;q=kedi+mamasi" rel="nofollow" class="OXu5v lE1dJ">En Yüksek Fiyat</a><a href="/arama?sort=unit_price%2Casc&amp;q=kedi+mamasi" rel="nofollow" class="OXu5v lE1dJ">En Ucuz Birim Fiyat</a><a href="/arama?sort=discount%2Cdesc&amp;q=kedi+mamasi" rel="nofollow" class="OXu5v lE1dJ">Fiyatı Düşenler</a><a href="/arama?sort=new%2Cdesc&amp;q=kedi+mamasi" rel="nofollow" class="OXu5v lE1dJ">En Yeni Ürünler</a></div></div></div></octopus-island></div><div class="qO3H1" id="listWrapper"><div class="yqcLT"><div class="mip4c cmggH"><octopus-island component="filters" hydration="domcontentloaded"><div class="eK3sQ"><div class="U5IuC"><span>Alt Kategoriler</span></div><div class="oXC8o"><div class="HCFrT"><div class="axfC5" title="Kuru Kedi Maması">Kuru Kedi Maması</div><div class="axfC5" title="Kuru Köpek Maması">Kuru Köpek Maması</div><div class="axfC5" title="Kedi Kumu">Kedi Kumu</div><div class="axfC5" title="Termos">Termos</div><div class="axfC5" title="Kedi Vitamini">Kedi Vitamini</div><div class="axfC5" title="Konserve-Yaş Kedi Maması">Konserve-Yaş Kedi Maması</div><div class="axfC5" title="Oyun Seti">Oyun Seti</div><div class="axfC5" title="Sabunlar">Sabunlar</div><div class="axfC5" title="Kedi Ödülü">Kedi Ödülü</div><div class="axfC5" title="Vida / Çivi / Somun / Civata">Vida / Çivi / Somun / Civata</div><div class="axfC5" title="Peluş Oyuncaklar">Peluş Oyuncaklar</div><div class="axfC5" title="Kedi Mama-Su Kabı">Kedi Mama-Su Kabı</div><div class="axfC5" title="Köpek Ödülü">Köpek Ödülü</div><div class="axfC5" title="Kedi Oyuncakları">Kedi Oyuncakları</div><div class="axfC5" title="Lokma">Lokma</div><div class="axfC5" title="Köpek Oyuncakları">Köpek Oyuncakları</div><div class="axfC5" title="Saklama Kapları">Saklama Kapları</div><div class="axfC5" title="Köpek Mama-Su Kabı">Köpek Mama-Su Kabı</div><div class="axfC5" title="Köpek Konserve Maması">Köpek Konserve Maması</div><div class="axfC5" title="Balık Yemi">Balık Yemi</div><div class="axfC5" title="Matara">Matara</div><div class="axfC5" title="Kedi Tuvalet-Kum Kabı">Kedi Tuvalet-Kum Kabı</div><div class="axfC5" title="Kupa">Kupa</div><div class="axfC5" title="Açık Kedi Mamaları">Açık Kedi Mamaları</div><div class="axfC5" title="Duvar Saati">Duvar Saati</div><div class="axfC5" title="Mama Tabağı">Mama Tabağı</div><div class="axfC5" title="Kedi Tarak-Fırçası">Kedi Tarak-Fırçası</div><div class="axfC5" title="Köpek Dışkı Malzemesi">Köpek Dışkı Malzemesi</div><div class="axfC5" title="Kedi Koku Giderici">Kedi Koku Giderici</div><div class="axfC5" title="Bebek Alt Açma Örtüsü">Bebek Alt Açma Örtüsü</div><div class="axfC5" title="Evcil Hayvanlar Kitapları">Evcil Hayvanlar Kitapları</div><div class="axfC5" title="Bebek Termosu">Bebek Termosu</div><div class="axfC5" title="Kedi Süt Tozu">Kedi Süt Tozu</div><div class="axfC5" title="Kedi Evi">Kedi Evi</div><div class="axfC5" title="Paspas">Paspas</div><div class="axfC5" title="Ezme-Perle Kedi Maması">Ezme-Perle Kedi Maması</div><div class="axfC5" title="Kedi Kumu Küreği">Kedi Kumu Küreği</div><div class="axfC5" title="Köpek Tırnak Makası">Köpek Tırnak Makası</div><div class="axfC5" title="Bebek Body">Bebek Body</div><div class="axfC5" title="Selfie - Özçekim Çubuğu">Selfie - Özçekim Çubuğu</div><div class="axfC5" title="Kedi Mama Paspası">Kedi Mama Paspası</div><div class="axfC5" title="Kişiye Özel Dekoratif Ürün">Kişiye Özel Dekoratif Ürün</div><div class="axfC5" title="Akıllı Sensör">Akıllı Sensör</div><div class="axfC5" title="Kedi Başlangıç Seti">Kedi Başlangıç Seti</div><div class="axfC5" title="Yetiştirme Kiti">Yetiştirme Kiti</div><div class="axfC5" title="Kedi Diş Fırçası">Kedi Diş Fırçası</div><div class="axfC5" title="Kedi Mama Saklama Kabı">Kedi Mama Saklama Kabı</div><div class="axfC5" title="Köpek Mama Saklama Kabı">Köpek Mama Saklama Kabı</div><div class="axfC5" title="Köpek Mama Paspası">Köpek Mama Paspası</div><div class="axfC5" title="Kedi Kurutma Makinesi">Kedi Kurutma Makinesi</div></div></div></div></octopus-island></div></div><octopus-island component="productListContainerWithAds" hydration="domcontentloaded"><div><div class="joSXJ"><div class="Ex_GW" id="productListContainer"><div data-page="1" class="_awDf"><article class="dWBEz" data-size="medium"><a href="/kuru-kedi-mamasi/en-ucuz-royal-canin-regular-sensible-33-4-kg-yetiskin-kedi-mamasi-fiyatlari,80966731" title="Royal Canin 4 kg Sensible Kuru Kedi Maması" class="j9GVl ktYB1"><div class="xLZSN"><img srcset="https://cdn.cimri.io/image/148x148/royal-canin-4-kg-sensible-kuru-kedi-mamasi_200068087.jpg 1x, https://cdn.cimri.io/image/296x296/royal-canin-4-kg-sensible-kuru-kedi-mamasi_200068087.jpg 2x" alt="Royal Canin 4 kg Sensible Kuru Kedi Maması" width="148" height="148" src="https://cdn.cimri.io/image/148x148/royal-canin-4-kg-sensible-kuru-kedi-mamasi_200068087.jpg" class="p2aw_" loading="eager" fetchpriority="high"></div><div class="puF5U"><h3>Royal Canin 4 kg Sensible Kuru Kedi Maması</h3><div class="NVt_n"><button aria-label="fiyat alarmı butonu" class="nnPQT R_9ld EnWFQ YVKcB c3VSc"><i class="cimri-icon-bell"></i></button><button class="Mz1wq LDIzJ dqkWb" data-button="true">31 fiyatı incele</button></div></div></a><div class="Oh1xQ"><div class="CZthP"><div class="ZvRbD"><div class="pDjkg"><span class="BODMP s2nra j5AEN"></span><div><div class="N9xux"><p class="tnwdh">1.099,00 TL</p><i class="cimri-icon-arrow-right-next x1t4S"></i></div><p class="qoWz6">487,25 TL / kg</p></div><div class="HyJ1h"><img alt="Petidi" width="55" height="24" src="https://cdn.cimri.io/pictures/merchant-logos/15870.png?v=1" class="" loading="lazy"></div></div></div><div class="ZvRbD"><div class="pDjkg"><span class="BODMP s2nra"></span><div><div class="N9xux"><p class="tnwdh">1.452,00 TL</p><i class="cimri-icon-arrow-right-next x1t4S"></i></div><p class="qoWz6">363,00 TL / kg</p></div><div class="HyJ1h"><img alt="PttAVM" width="55" height="24" src="https://cdn.cimri.io/pictures/merchant-logos/11512.png?v=1" class="" loading="lazy"></div></div></div><div class="ZvRbD"><div class="pDjkg"><span class="BODMP s2nra"></span><div><div class="N9xux"><p class="tnwdh">1.827,37 TL</p><i class="cimri-icon-arrow-right-next x1t4S"></i></div><p class="qoWz6">456,84 TL / kg</p></div><div class="HyJ1h"><img alt="petimemama" width="55" height="24" src="https://cdn.cimri.io/pictures/merchant-logos/16742.png?v=1" class="" loading="lazy"></div></div></div></div></div></article><article class="dWBEz" data-size="xxxlarge"><a href="/kuru-kedi-mamasi/en-ucuz-pro-plan-kitten-tavuk-ve-pirincli-10-kg-yavru-kedi-mamasi-fiyatlari,885440220" title="Pro Plan Kitten Tavuk ve Pirinçli 10 kg Yavru Kedi Maması" class="j9GVl ktYB1"><div class="xLZSN"><img srcset="https://cdn.cimri.io/image/148x148/pro-plan-kitten-tavuk-ve-pirincli-10-kg-yavru-kedi-mamasi_927325169.jpg 1x, https://cdn.cimri.io/image/296x296/pro-plan-kitten-tavuk-ve-pirincli-10-kg-yavru-kedi-mamasi_927325169.jpg 2x" alt="Pro Plan Kitten Tavuk ve Pirinçli 10 kg Yavru Kedi Maması" width="148" height="148" src="https://cdn.cimri.io/image/148x148/pro-plan-kitten-tavuk-ve-pirincli-10-kg-yavru-kedi-mamasi_927325169.jpg" class="p2aw_" loading="eager" fetchpriority="high"></div><div class="puF5U"><h3>Pro Plan Kitten Tavuk ve Pirinçli 10 kg Yavru Kedi Maması</h3><div class="NVt_n"><button aria-label="fiyat alarmı butonu" class="nnPQT R_9ld EnWFQ YVKcB c3VSc"><i class="cimri-icon-bell"></i></button><button class="Mz1wq LDIzJ dqkWb" data-button="true">43 fiyatı incele</button></div></div></a><div class="Oh1xQ"><div class="CZthP"><div class="ZvRbD"><div class="pDjkg"><span class="BODMP s2nra j5AEN"></span><div><div class="N9xux"><p class="tnwdh">2.800,00 TL</p><i class="cimri-icon-arrow-right-next x1t4S"></i></div><p class="qoWz6">280,00 TL / kg</p></div><div class="HyJ1h"><img alt="idefix" width="55" height="24" src="https://cdn.cimri.io/pictures/merchant-logos/9968.png?v=1" class="" loading="lazy"></div></div></div><div class="ZvRbD"><div class="pDjkg"><span class="BODMP s2nra"></span><div><div class="N9xux"><p class="tnwdh">3.186,24 TL</p><i class="cimri-icon-arrow-right-next x1t4S"></i></div><p class="qoWz6">318,62 TL / kg</p></div><div class="HyJ1h"><img alt="Pazarama" width="55" height="24" src="https://cdn.cimri.io/pictures/merchant-logos/12929.png?v=1" class="" loading="lazy"></div></div></div><div class="ZvRbD"><div class="pDjkg"><span class="BODMP s2nra"></span><div><div class="N9xux"><p class="tnwdh">3.212,92 TL</p><i class="cimri-icon-arrow-right-next x1t4S"></i></div><span class="fvt5M">3.312,92 TL</span><p class="qoWz6">321,29 TL / kg</p></div><div class="S7sCc j8hvM"><i class="cimri-icon-sale-discount-promotion"></i><span>Sepette 100 TL: 100CİMRİ</span></div><div class="HyJ1h"><img alt="PttAVM" width="55" height="24" src="https://cdn.cimri.io/pictures/merchant-logos/11512.png?v=1" class="" loading="lazy"></div></div></div></div></div></article><article class="dWBEz" data-size="xlarge"><a href="/kuru-kedi-mamasi/en-ucuz-royal-canin-fit-32-15-kg-yetiskin-kedi-mamasi-fiyatlari,691511" title="Royal Canin 15 kg Fit 32 Yetişkin Kedi Maması" class="j9GVl ktYB1"><div class="xLZSN"><img srcset="https://cdn.cimri.io/image/148x148/royal-canin-15-kg-fit-32-yetiskin-kedi-mamasi_589153294.jpg 1x, https://cdn.cimri.io/image/296x296/royal-canin-15-kg-fit-32-yetiskin-kedi-mamasi_589153294.jpg 2x" alt="Royal Canin 15 kg Fit 32 Yetişkin Kedi Maması" width="148" height="148" src="https://cdn.cimri.io/image/148x148/royal-canin-15-kg-fit-32-yetiskin-kedi-mamasi_589153294.jpg" class="p2aw_" loading="eager" fetchpriority="high"></div><div class="puF5U"><h3>Royal Canin 15 kg Fit 32 Yetişkin Kedi Maması</h3><div class="NVt_n"><button aria-label="fiyat alarmı butonu" class="nnPQT R_9ld EnWFQ YVKcB c3VSc"><i class="cimri-icon-bell"></i></button><button class="Mz1wq LDIzJ dqkWb" data-button="true">47 fiyatı incele</button></div></div></a><div class="Oh1xQ"><div class="CZthP"><div class="ZvRbD"><div class="pDjkg"><span class="BODMP s2nra j5AEN"></span><div><div class="N9xux"><p class="tnwdh">5.051,00 TL</p><i class="cimri-icon-arrow-right-next x1t4S"></i></div><p class="qoWz6">336,73 TL / kg</p></div><div class="S7sCc IXkai"><i class="cimri-icon-credit-card"></i><span>PEŞİN FİYATINA 3 TAKSİT</span></div><div class="HyJ1h"><img alt="Amazon" width="55" height="24" src="https://cdn.cimri.io/pictures/merchant-logos/10370.png?v=1" class="" loading="lazy"></div></div></div><div class="ZvRbD"><div class="pDjkg"><span class="BODMP s2nra"></span><div><div class="N9xux"><p class="tnwdh">5.144,64 TL</p><i class="cimri-icon-arrow-right-next x1t4S"></i></div><p class="qoWz6">342,98 TL / kg</p></div><div class="HyJ1h"><img alt="Pazarama" width="55" height="24" src="https://cdn.cimri.io/pictures/merchant-logos/12929.png?v=1" class="" loading="lazy"></div></div></div><div class="ZvRbD"><div class="pDjkg"><span class="BODMP s2nra"></span><div><div class="N9xux"><p class="tnwdh">5.159,00 TL</p><i class="cimri-icon-arrow-right-next x1t4S"></i></div><p class="qoWz6">343,93 TL / kg</p></div><div class="HyJ1h"><img alt="n11" width="55" height="24" src="https://cdn.cimri.io/pictures/merchant-logos/7000.png?v=1" class="" loading="lazy"></div></div></div></div></div></article><article class="dWBEz" data-size="xxxlarge"><a href="/kuru-kedi-mamasi/en-ucuz-pro-plan-derma-plus-somonlu-10-kg-yetiskin-kedi-mamasi-fiyatlari,473999392" title="Pro Plan Derma Plus Somonlu 10 kg Yetişkin Kedi Maması" class="j9GVl ktYB1"><div class="xLZSN"><img srcset="https://cdn.cimri.io/image/148x148/pro-plan-derma-plus-somonlu-10-kg-yetiskin-kedi-mamasi_590591618.jpg 1x, https://cdn.cimri.io/image/296x296/pro-plan-derma-plus-somonlu-10-kg-yetiskin-kedi-mamasi_590591618.jpg 2x" alt="Pro Plan Derma Plus Somonlu 10 kg Yetişkin Kedi Maması" width="148" height="148" src="https://cdn.cimri.io/image/148x148/pro-plan-derma-plus-somonlu-10-kg-yetiskin-kedi-mamasi_590591618.jpg" class="p2aw_" loading="eager" fetchpriority="high"></div><div class="puF5U"><h3>Pro Plan Derma Plus Somonlu 10 kg Yetişkin Kedi Maması</h3><div class="NVt_n"><button aria-label="fiyat alarmı butonu" class="nnPQT R_9ld EnWFQ YVKcB c3VSc"><i class="cimri-icon-bell"></i></button><button class="Mz1wq LDIzJ dqkWb" data-button="true">26 fiyatı incele</button></div></div></a><div class="Oh1xQ"><div class="CZthP"><div class="ZvRbD"><div class="pDjkg"><span class="BODMP s2nra j5AEN"></span><div><div class="N9xux"><p class="tnwdh">3.585,99 TL</p><i class="cimri-icon-arrow-right-next x1t4S"></i></div><p class="qoWz6">358,60 TL / kg</p></div><div class="S7sCc IXkai"><i class="cimri-icon-credit-card"></i><span>PEŞİN FİYATINA 3 TAKSİT</span></div><div class="HyJ1h"><img alt="Amazon" width="55" height="24" src="https://cdn.cimri.io/pictures/merchant-logos/10370.png?v=1" class="" loading="lazy"></div></div></div><div class="ZvRbD"><div class="pDjkg"><span class="BODMP s2nra"></span><div><div class="N9xux"><p class="tnwdh">3.685,03 TL</p><i class="cimri-icon-arrow-right-next x1t4S"></i></div><p class="qoWz6">368,50 TL / kg</p></div><div class="HyJ1h"><img alt="idefix" width="55" height="24" src="https://cdn.cimri.io/pictures/merchant-logos/9968.png?v=1" class="" loading="lazy"></div></div></div><div class="ZvRbD"><div class="pDjkg"><span class="BODMP s2nra"></span><div><div class="N9xux"><p class="tnwdh">3.728,00 TL</p><i class="cimri-icon-arrow-right-next x1t4S"></i></div><span class="fvt5M">3.828,00 TL</span><p class="qoWz6">372,80 TL / kg</p></div><div class="S7sCc j8hvM"><i class="cimri-icon-sale-discount-promotion"></i><span>Sepette 100 TL: 100CİMRİ</span></div><div class="HyJ1h"><img alt="PttAVM" width="55" height="24" src="https://cdn.cimri.io/pictures/merchant-logos/11512.png?v=1" class="" loading="lazy"></div></div></div></div></div></article><div id="adslot-body-728x90-1-1" class="v9kcb HLm74"></div><article class="dWBEz" data-size="xxxlarge"><a href="/kuru-kedi-mamasi/en-ucuz-enjoy-tavuklu-2x15-kg-yetiskin-kedi-mamasi-fiyatlari,107843023" title="Enjoy Tavuklu 2x15 kg Yetişkin Kedi Maması" class="j9GVl ktYB1"><div class="xLZSN"><img srcset="https://cdn.cimri.io/image/148x148/enjoy-tavuklu-2x15-kg-yetiskin-kedi-mamasi_532251591.jpg 1x, https://cdn.cimri.io/image/296x296/enjoy-tavuklu-2x15-kg-yetiskin-kedi-mamasi_532251591.jpg 2x" alt="Enjoy Tavuklu 2x15 kg Yetişkin Kedi Maması" width="148" height="148" src="https://cdn.cimri.io/image/148x148/enjoy-tavuklu-2x15-kg-yetiskin-kedi-mamasi_532251591.jpg" class="p2aw_" loading="eager" fetchpriority="high"></div><div class="puF5U"><h3>Enjoy Tavuklu 2x15 kg Yetişkin Kedi Maması</h3><div class="NVt_n"><button aria-label="fiyat alarmı butonu" class="nnPQT R_9ld EnWFQ YVKcB c3VSc"><i class="cimri-icon-bell"></i></button><button class="Mz1wq LDIzJ dqkWb" data-button="true">10 fiyatı incele</button></div></div></a><div class="Oh1xQ"><div class="CZthP"><div class="ZvRbD"><div class="pDjkg"><span class="BODMP s2nra j5AEN"></span><div><div class="N9xux"><p class="tnwdh">2.450,00 TL</p><i class="cimri-icon-arrow-right-next x1t4S"></i></div><span class="fvt5M">2.550,00 TL</span><p class="qoWz6">163,33 TL / kg</p></div><div class="S7sCc j8hvM"><i class="cimri-icon-sale-discount-promotion"></i><span>Sepette 100 TL: 100CİMRİ</span></div><div class="HyJ1h"><img alt="PttAVM" width="55" height="24" src="https://cdn.cimri.io/pictures/merchant-logos/11512.png?v=1" class="" loading="lazy"></div></div></div><div class="ZvRbD"><div class="pDjkg"><span class="BODMP s2nra"></span><div><div class="N9xux"><p class="tnwdh">2.549,90 TL</p><i class="cimri-icon-arrow-right-next x1t4S"></i></div><p class="qoWz6">169,99 TL / kg</p></div><div class="HyJ1h"><img alt="Petzzshop" width="55" height="24" src="https://cdn.cimri.io/pictures/merchant-logos/10719.png?v=1" class="" loading="lazy"></div></div></div><div class="ZvRbD"><div class="pDjkg"><span class="BODMP s2nra"></span><div><div class="N9xux"><p class="tnwdh">2.579,11 TL</p><i class="cimri-icon-arrow-right-next x1t4S"></i></div><p class="qoWz6">171,94 TL / kg</p></div><div class="HyJ1h"><img alt="idefix" width="55" height="24" src="https://cdn.cimri.io/pictures/merchant-logos/9968.png?v=1" class="" loading="lazy"></div></div></div></div></div></article><article class="dWBEz" data-size="xlarge"><a href="/kuru-kedi-mamasi/en-ucuz-challenge-adult-kuzu-etli-15-kg-yetiskin-kedi-mamasi-fiyatlari,2200578143" title="Challenge Adult Kuzu Etli 15 KG Yetişkin Kedi Maması" class="j9GVl ktYB1"><div class="xLZSN"><img srcset="https://cdn.cimri.io/image/148x148/challenge-adult-kuzu-etli-15-kg-yetiskin-kedi-mamasi_807381030.jpg 1x, https://cdn.cimri.io/image/296x296/challenge-adult-kuzu-etli-15-kg-yetiskin-kedi-mamasi_807381030.jpg 2x" alt="Challenge Adult Kuzu Etli 15 KG Yetişkin Kedi Maması" width="148" height="148" src="https://cdn.cimri.io/image/148x148/challenge-adult-kuzu-etli-15-kg-yetiskin-kedi-mamasi_807381030.jpg" class="p2aw_" loading="lazy"></div><div class="puF5U"><h3>Challenge Adult Kuzu Etli 15 KG Yetişkin Kedi Maması</h3><div class="NVt_n"><button aria-label="fiyat alarmı butonu" class="nnPQT R_9ld EnWFQ YVKcB c3VSc"><i class="cimri-icon-bell"></i></button><button class="Mz1wq LDIzJ dqkWb" data-button="true">7 fiyatı incele</button></div></div></a><div class="Oh1xQ"><div class="CZthP"><div class="ZvRbD"><div class="pDjkg"><span class="BODMP s2nra j5AEN"></span><div><div class="N9xux"><p class="tnwdh">847,00 TL</p><i class="cimri-icon-arrow-right-next x1t4S"></i></div><p class="qoWz6">56,47 TL / kg</p></div><div class="S7sCc IXkai"><i class="cimri-icon-credit-card"></i><span>PEŞİN FİYATINA 3 TAKSİT</span></div><div class="HyJ1h"><img alt="Amazon" width="55" height="24" src="https://cdn.cimri.io/pictures/merchant-logos/10370.png?v=1" class="" loading="lazy"></div></div></div><div class="ZvRbD"><div class="pDjkg"><span class="BODMP s2nra"></span><div><div class="N9xux"><p class="tnwdh">900,00 TL</p><i class="cimri-icon-arrow-right-next x1t4S"></i></div><p class="qoWz6">60,00 TL / kg</p></div><div class="HyJ1h"><img alt="Zoopet" width="55" height="24" src="https://cdn.cimri.io/pictures/merchant-logos/12059.png?v=1" class="" loading="lazy"></div></div></div><div class="ZvRbD"><div class="pDjkg"><span class="BODMP s2nra"></span><div><div class="N9xux"><p class="tnwdh">919,90 TL</p><i class="cimri-icon-arrow-right-next x1t4S"></i></div><p class="qoWz6">61,33 TL / kg</p></div><div class="HyJ1h"><img alt="Petzzshop" width="55" height="24" src="https://cdn.cimri.io/pictures/merchant-logos/10719.png?v=1" class="" loading="lazy"></div></div></div></div></div></article><article class="dWBEz" data-size="large"><a href="/acik-kedi-mamalari/en-ucuz-royal-canin-sterilised-37-kisirlastirilmis-10-kg-acik-mama-kedi-mamasi-fiyatlari,2094172554" title="Royal Canin Sterilised 37 Kısırlaştırılmış 10 kg Açık Mama Kedi Maması" class="j9GVl ktYB1"><div class="xLZSN"><img srcset="https://cdn.cimri.io/image/148x148/royal-canin-sterilised-37-kisirlastirilmis-10-kg-acik-mama-kedi-mamasi_796847905.jpg 1x, https://cdn.cimri.io/image/296x296/royal-canin-sterilised-37-kisirlastirilmis-10-kg-acik-mama-kedi-mamasi_796847905.jpg 2x" alt="Royal Canin Sterilised 37 Kısırlaştırılmış 10 kg Açık Mama Kedi Maması" width="148" height="148" src="https://cdn.cimri.io/image/148x148/royal-canin-sterilised-37-kisirlastirilmis-10-kg-acik-mama-kedi-mamasi_796847905.jpg" class="p2aw_" loading="lazy"></div><div class="puF5U"><h3>Royal Canin Sterilised 37 Kısırlaştırılmış 10 kg Açık Mama Kedi Maması</h3><div class="NVt_n"><button aria-label="fiyat alarmı butonu" class="nnPQT R_9ld EnWFQ YVKcB c3VSc"><i class="cimri-icon-bell"></i></button><button class="Mz1wq LDIzJ dqkWb" data-button="true">9 fiyatı incele</button></div></div></a><div class="Oh1xQ"><div class="CZthP"><div class="ZvRbD"><div class="pDjkg"><span class="BODMP s2nra j5AEN"></span><div><div class="N9xux"><p class="tnwdh">2.450,25 TL</p><i class="cimri-icon-arrow-right-next x1t4S"></i></div></div><div class="HyJ1h"><img alt="PttAVM" width="55" height="24" src="https://cdn.cimri.io/pictures/merchant-logos/11512.png?v=1" class="" loading="lazy"></div></div></div><div class="ZvRbD"><div class="pDjkg"><span class="BODMP s2nra"></span><div><div class="N9xux"><p class="tnwdh">4.499,02 TL</p><i class="cimri-icon-arrow-right-next x1t4S"></i></div></div><div class="HyJ1h"><img alt="idefix" width="55" height="24" src="https://cdn.cimri.io/pictures/merchant-logos/9968.png?v=1" class="" loading="lazy"></div></div></div><div class="ZvRbD"><div class="pDjkg"><span class="BODMP s2nra"></span><div><div class="N9xux"><p class="tnwdh">5.570,29 TL</p><i class="cimri-icon-arrow-right-next x1t4S"></i></div></div><div class="S7sCc IXkai"><i class="cimri-icon-credit-card"></i><span>PEŞİN FİYATINA 3 TAKSİT</span></div><div class="HyJ1h"><img alt="Hepsiburada" width="55" height="24" src="https://cdn.cimri.io/pictures/merchant-logos/1497.png?v=1" class="" loading="lazy"></div></div></div></div></div></article><article class="dWBEz" data-size="large"><a href="/konserve-yas-kedi-mamasi/en-ucuz-felix-karisik-yetiskin-104-x85-gr-yas-kedi-mamasi-fiyatlari,2296534127" title="Felix Karışık Yetişkin 104 x85 gr Yaş Kedi Maması" class="j9GVl ktYB1"><div class="xLZSN"><img srcset="https://cdn.cimri.io/image/148x148/felix-karisik-yetiskin-104-x85-gr-yas-kedi-mamasi_870540189.jpg 1x, https://cdn.cimri.io/image/296x296/felix-karisik-yetiskin-104-x85-gr-yas-kedi-mamasi_870540189.jpg 2x" alt="Felix Karışık Yetişkin 104 x85 gr Yaş Kedi Maması" width="148" height="148" src="https://cdn.cimri.io/image/148x148/felix-karisik-yetiskin-104-x85-gr-yas-kedi-mamasi_870540189.jpg" class="p2aw_" loading="lazy"></div><div class="puF5U"><h3>Felix Karışık Yetişkin 104 x85 gr Yaş Kedi Maması</h3><div class="NVt_n"><button aria-label="fiyat alarmı butonu" class="nnPQT R_9ld EnWFQ YVKcB c3VSc"><i class="cimri-icon-bell"></i></button><button class="Mz1wq LDIzJ dqkWb" data-button="true">10 fiyatı incele</button></div></div></a><div class="Oh1xQ"><div class="CZthP"><div class="ZvRbD"><div class="pDjkg"><span class="BODMP s2nra j5AEN"></span><div><div class="N9xux"><p class="tnwdh">1.849,99 TL</p><i class="cimri-icon-arrow-right-next x1t4S"></i></div></div><div class="S7sCc IXkai"><i class="cimri-icon-credit-card"></i><span>PEŞİN FİYATINA 3 TAKSİT</span></div><div class="HyJ1h"><img alt="Hepsiburada" width="55" height="24" src="https://cdn.cimri.io/pictures/merchant-logos/1497.png?v=1" class="" loading="lazy"></div></div></div><div class="ZvRbD"><div class="pDjkg"><span class="BODMP s2nra"></span><div><div class="N9xux"><p class="tnwdh">2.041,84 TL</p><i class="cimri-icon-arrow-right-next x1t4S"></i></div></div><div class="HyJ1h"><img alt="idefix" width="55" height="24" src="https://cdn.cimri.io/pictures/merchant-logos/9968.png?v=1" class="" loading="lazy"></div></div></div><div class="ZvRbD"><div class="pDjkg"><span class="BODMP s2nra"></span><div><div class="N9xux"><p class="tnwdh">2.131,13 TL</p><i class="cimri-icon-arrow-right-next x1t4S"></i></div></div><div class="HyJ1h"><img alt="Pazarama" width="55" height="24" src="https://cdn.cimri.io/pictures/merchant-logos/12929.png?v=1" class="" loading="lazy"></div></div></div></div></div></article><div id="adslot-body-728x90-1-2" class="v9kcb HLm74"></div><article class="dWBEz" data-size="small"><a href="/konserve-yas-kedi-mamasi/en-ucuz-felix-karisik-paket-pouch-26x85-gr-kedi-yas-mamasi-fiyatlari,1517608494" title="Felix Karışık Paket Pouch 26x85 gr Kedi Yaş Maması" class="j9GVl ktYB1"><div class="xLZSN"><img srcset="https://cdn.cimri.io/image/148x148/felix-karisik-paket-pouch-26x85-gr-kedi-yas-mamasi_678639444.jpg 1x, https://cdn.cimri.io/image/296x296/felix-karisik-paket-pouch-26x85-gr-kedi-yas-mamasi_678639444.jpg 2x" alt="Felix Karışık Paket Pouch 26x85 gr Kedi Yaş Maması" width="148" height="148" src="https://cdn.cimri.io/image/148x148/felix-karisik-paket-pouch-26x85-gr-kedi-yas-mamasi_678639444.jpg" class="p2aw_" loading="lazy"></div><div class="puF5U"><h3>Felix Karışık Paket Pouch 26x85 gr Kedi Yaş Maması</h3><div class="NVt_n"><button aria-label="fiyat alarmı butonu" class="nnPQT R_9ld EnWFQ YVKcB c3VSc"><i class="cimri-icon-bell"></i></button><button class="Mz1wq LDIzJ dqkWb" data-button="true">23 fiyatı incele</button></div></div></a><div class="Oh1xQ"><div class="CZthP"><div class="ZvRbD"><div class="pDjkg"><span class="BODMP s2nra j5AEN"></span><div><div class="N9xux"><p class="tnwdh">535,00 TL</p><i class="cimri-icon-arrow-right-next x1t4S"></i></div></div><div class="HyJ1h"><img alt="Hepsiburada" width="55" height="24" src="https://cdn.cimri.io/pictures/merchant-logos/1497.png?v=1" class="" loading="lazy"></div></div></div><div class="ZvRbD"><div class="pDjkg"><span class="BODMP s2nra"></span><div><div class="N9xux"><p class="tnwdh">577,99 TL</p><i class="cimri-icon-arrow-right-next x1t4S"></i></div></div><div class="HyJ1h"><img alt="idefix" width="55" height="24" src="https://cdn.cimri.io/pictures/merchant-logos/9968.png?v=1" class="" loading="lazy"></div></div></div><div class="ZvRbD"><div class="pDjkg"><span class="BODMP s2nra"></span><div><div class="N9xux"><p class="tnwdh">640,13 TL</p><i class="cimri-icon-arrow-right-next x1t4S"></i></div></div><div class="HyJ1h"><img alt="PttAVM" width="55" height="24" src="https://cdn.cimri.io/pictures/merchant-logos/11512.png?v=1" class="" loading="lazy"></div></div></div></div></div></article><article class="dWBEz" data-size="large"><a href="/kedi-odulu/en-ucuz-wanpy-25x14-gr-karisik-sivi-kedi-odulu-kedi-odul-mamasi-fiyatlari,631347902" title="Wanpy 25x14 gr Karışık Sıvı Kedi Ödülü Kedi Ödül Maması" class="j9GVl ktYB1"><div class="xLZSN"><img srcset="https://cdn.cimri.io/image/148x148/wanpy-25x14-gr-karisik-sivi-kedi-odulu-kedi-odul-mamasi_303539429.jpg 1x, https://cdn.cimri.io/image/296x296/wanpy-25x14-gr-karisik-sivi-kedi-odulu-kedi-odul-mamasi_303539429.jpg 2x" alt="Wanpy 25x14 gr Karışık Sıvı Kedi Ödülü Kedi Ödül Maması" width="148" height="148" src="https://cdn.cimri.io/image/148x148/wanpy-25x14-gr-karisik-sivi-kedi-odulu-kedi-odul-mamasi_303539429.jpg" class="p2aw_" loading="lazy"></div><div class="puF5U"><h3>Wanpy 25x14 gr Karışık Sıvı Kedi Ödülü Kedi Ödül Maması</h3><div class="NVt_n"><button aria-label="fiyat alarmı butonu" class="nnPQT R_9ld EnWFQ YVKcB c3VSc"><i class="cimri-icon-bell"></i></button><button class="Mz1wq LDIzJ dqkWb" data-button="true">38 fiyatı incele</button></div></div></a><div class="Oh1xQ"><div class="CZthP"><div class="ZvRbD"><div class="pDjkg"><span class="BODMP s2nra IdEu8"></span><div><div class="N9xux"><p class="tnwdh">301,81 TL</p><i class="cimri-icon-arrow-right-next x1t4S"></i></div></div><div class="S7sCc IXkai"><i class="cimri-icon-credit-card"></i><span>PEŞİN FİYATINA 3 TAKSİT</span></div><div class="HyJ1h"><img alt="Amazon" width="55" height="24" src="https://cdn.cimri.io/pictures/merchant-logos/10370.png?v=1" class="" loading="lazy"></div></div></div><div class="ZvRbD"><div class="pDjkg"><span class="BODMP s2nra j5AEN"></span><div><div class="N9xux"><p class="tnwdh">269,00 TL</p><i class="cimri-icon-arrow-right-next x1t4S"></i></div></div><div class="HyJ1h"><img alt="Bidolu Pet" width="55" height="24" src="https://cdn.cimri.io/pictures/merchant-logos/13919.png?v=1" class="" loading="lazy"></div></div></div><div class="ZvRbD"><div class="pDjkg"><span class="BODMP s2nra"></span><div><div class="N9xux"><p class="tnwdh">287,91 TL</p><i class="cimri-icon-arrow-right-next x1t4S"></i></div></div><div class="HyJ1h"><img alt="Pazarama" width="55" height="24" src="https://cdn.cimri.io/pictures/merchant-logos/12929.png?v=1" class="" loading="lazy"></div></div></div></div></div></article><article class="dWBEz" data-size="xlarge"><a href="/kuru-kedi-mamasi/en-ucuz-peteko-tavuklu-15-kg-yetiskin-kedi-mamasi-fiyatlari,2276771514" title="Peteko Tavuklu 15 kg Yetişkin Kedi Maması" class="j9GVl ktYB1"><div class="xLZSN"><img srcset="https://cdn.cimri.io/image/148x148/peteko-tavuklu-15-kg-yetiskin-kedi-mamasi_843268320.jpg 1x, https://cdn.cimri.io/image/296x296/peteko-tavuklu-15-kg-yetiskin-kedi-mamasi_843268320.jpg 2x" alt="Peteko Tavuklu 15 kg Yetişkin Kedi Maması" width="148" height="148" src="https://cdn.cimri.io/image/148x148/peteko-tavuklu-15-kg-yetiskin-kedi-mamasi_843268320.jpg" class="p2aw_" loading="lazy"></div><div class="puF5U"><h3>Peteko Tavuklu 15 kg Yetişkin Kedi Maması</h3><div class="NVt_n"><button aria-label="fiyat alarmı butonu" class="nnPQT R_9ld EnWFQ YVKcB c3VSc"><i class="cimri-icon-bell"></i></button><button class="Mz1wq LDIzJ dqkWb" data-button="true">6 fiyatı incele</button></div></div></a><div class="Oh1xQ"><div class="CZthP"><div class="ZvRbD"><div class="pDjkg"><span class="BODMP s2nra j5AEN"></span><div><div class="N9xux"><p class="tnwdh">872,90 TL</p><i class="cimri-icon-arrow-right-next x1t4S"></i></div><p class="qoWz6">58,19 TL / kg</p></div><div class="HyJ1h"><img alt="idefix" width="55" height="24" src="https://cdn.cimri.io/pictures/merchant-logos/9968.png?v=1" class="" loading="lazy"></div></div></div><div class="ZvRbD"><div class="pDjkg"><span class="BODMP s2nra"></span><div><div class="N9xux"><p class="tnwdh">1.000,00 TL</p><i class="cimri-icon-arrow-right-next x1t4S"></i></div><p class="qoWz6">66,67 TL / kg</p></div><div class="S7sCc IXkai"><i class="cimri-icon-credit-card"></i><span>PEŞİN FİYATINA 3 TAKSİT</span></div><div class="HyJ1h"><img alt="Hepsiburada" width="55" height="24" src="https://cdn.cimri.io/pictures/merchant-logos/1497.png?v=1" class="" loading="lazy"></div></div></div><div class="ZvRbD"><div class="pDjkg"><span class="BODMP s2nra"></span><div><div class="N9xux"><p class="tnwdh">1.200,00 TL</p><i class="cimri-icon-arrow-right-next x1t4S"></i></div><p class="qoWz6">80,00 TL / kg</p></div><div class="HyJ1h"><img alt="Evcil Sepetim" width="55" height="24" src="https://cdn.cimri.io/pictures/merchant-logos/13719.png?v=1" class="" loading="lazy"></div></div></div></div></div></article><article class="dWBEz" data-size="xlarge"><a href="/kuru-kedi-mamasi/en-ucuz-bonnie-10-kg-dana-etli-yetiskin-kuru-kedi-mamasi-fiyatlari,881570517" title="Bonnie 10 kg Dana Etli Yetişkin Kuru Kedi Maması" class="j9GVl ktYB1"><div class="xLZSN"><img srcset="https://cdn.cimri.io/image/148x148/bonnie-10-kg-dana-etli-yetiskin-kuru-kedi-mamasi_588742545.jpg 1x, https://cdn.cimri.io/image/296x296/bonnie-10-kg-dana-etli-yetiskin-kuru-kedi-mamasi_588742545.jpg 2x" alt="Bonnie 10 kg Dana Etli Yetişkin Kuru Kedi Maması" width="148" height="148" src="https://cdn.cimri.io/image/148x148/bonnie-10-kg-dana-etli-yetiskin-kuru-kedi-mamasi_588742545.jpg" class="p2aw_" loading="lazy"></div><div class="puF5U"><h3>Bonnie 10 kg Dana Etli Yetişkin Kuru Kedi Maması</h3><div class="NVt_n"><button aria-label="fiyat alarmı butonu" class="nnPQT R_9ld EnWFQ YVKcB c3VSc"><i class="cimri-icon-bell"></i></button><button class="Mz1wq LDIzJ dqkWb" data-button="true">14 fiyatı incele</button></div></div></a><div class="Oh1xQ"><div class="CZthP"><div class="ZvRbD"><div class="pDjkg"><span class="BODMP s2nra j5AEN"></span><div><div class="N9xux"><p class="tnwdh">744,95 TL</p><i class="cimri-icon-arrow-right-next x1t4S"></i></div><p class="qoWz6">74,50 TL / kg</p></div><div class="S7sCc IXkai"><i class="cimri-icon-credit-card"></i><span>PEŞİN FİYATINA 3 TAKSİT</span></div><div class="HyJ1h"><img alt="Amazon" width="55" height="24" src="https://cdn.cimri.io/pictures/merchant-logos/10370.png?v=1" class="" loading="lazy"></div></div></div><div class="ZvRbD"><div class="pDjkg"><span class="BODMP s2nra"></span><div><div class="N9xux"><p class="tnwdh">989,10 TL</p><i class="cimri-icon-arrow-right-next x1t4S"></i></div><p class="qoWz6">98,91 TL / kg</p></div><div class="HyJ1h"><img alt="idefix" width="55" height="24" src="https://cdn.cimri.io/pictures/merchant-logos/9968.png?v=1" class="" loading="lazy"></div></div></div><div class="ZvRbD"><div class="pDjkg"><span class="BODMP s2nra"></span><div><div class="N9xux"><p class="tnwdh">1.067,00 TL</p><i class="cimri-icon-arrow-right-next x1t4S"></i></div><p class="qoWz6">106,70 TL / kg</p></div><div class="HyJ1h"><img alt="Pazarama" width="55" height="24" src="https://cdn.cimri.io/pictures/merchant-logos/12929.png?v=1" class="" loading="lazy"></div></div></div></div></div></article><div id="adslot-body-728x90-1-3" class="v9kcb HLm74"></div><article class="dWBEz" data-size="xlarge"><a href="/kuru-kedi-mamasi/en-ucuz-royal-canin-british-shorthair-2-kg-yetiskin-kedi-mamasi-fiyatlari,691348" title="Royal Canin British Shorthair 2 kg Yetişkin Kedi Maması" class="j9GVl ktYB1"><div class="xLZSN"><img srcset="https://cdn.cimri.io/image/148x148/royal-canin-british-shorthair-2-kg-yetiskin-kedi-mamasi_346228727.jpg 1x, https://cdn.cimri.io/image/296x296/royal-canin-british-shorthair-2-kg-yetiskin-kedi-mamasi_346228727.jpg 2x" alt="Royal Canin British Shorthair 2 kg Yetişkin Kedi Maması" width="148" height="148" src="https://cdn.cimri.io/image/148x148/royal-canin-british-shorthair-2-kg-yetiskin-kedi-mamasi_346228727.jpg" class="p2aw_" loading="lazy"></div><div class="puF5U"><h3>Royal Canin British Shorthair 2 kg Yetişkin Kedi Maması</h3><div class="NVt_n"><button aria-label="fiyat alarmı butonu" class="nnPQT R_9ld EnWFQ YVKcB c3VSc"><i class="cimri-icon-bell"></i></button><button class="Mz1wq LDIzJ dqkWb" data-button="true">61 fiyatı incele</button></div></div></a><div class="Oh1xQ"><div class="CZthP"><div class="ZvRbD"><div class="pDjkg"><span class="BODMP s2nra j5AEN"></span><div><div class="N9xux"><p class="tnwdh">1.070,10 TL</p><i class="cimri-icon-arrow-right-next x1t4S"></i></div><p class="qoWz6">535,05 TL / kg</p></div><div class="S7sCc IXkai"><i class="cimri-icon-credit-card"></i><span>PEŞİN FİYATINA 3 TAKSİT</span></div><div class="HyJ1h"><img alt="Amazon" width="55" height="24" src="https://cdn.cimri.io/pictures/merchant-logos/10370.png?v=1" class="" loading="lazy"></div></div></div><div class="ZvRbD"><div class="pDjkg"><span class="BODMP s2nra"></span><div><div class="N9xux"><p class="tnwdh">1.070,10 TL</p><i class="cimri-icon-arrow-right-next x1t4S"></i></div><p class="qoWz6">535,05 TL / kg</p></div><div class="S7sCc IXkai"><i class="cimri-icon-credit-card"></i><span>PEŞİN FİYATINA 3 TAKSİT</span></div><div class="HyJ1h"><img alt="Hepsiburada" width="55" height="24" src="https://cdn.cimri.io/pictures/merchant-logos/1497.png?v=1" class="" loading="lazy"></div></div></div><div class="ZvRbD"><div class="pDjkg"><span class="BODMP s2nra"></span><div><div class="N9xux"><p class="tnwdh">1.129,00 TL</p><i class="cimri-icon-arrow-right-next x1t4S"></i></div><p class="qoWz6">564,50 TL / kg</p></div><div class="HyJ1h"><img alt="Petidi" width="55" height="24" src="https://cdn.cimri.io/pictures/merchant-logos/15870.png?v=1" class="" loading="lazy"></div></div></div></div></div></article><article class="dWBEz" data-size="large"><a href="/konserve-yas-kedi-mamasi/en-ucuz-purina-one-bifensis-sterilcat-sigir-etli-2x800-gr-kisirlastirilmis-kedi-mamasi-fiyatlari,524101081" title="Purina One Bifensis Sterilcat Sığır Etli 2x800 gr Kısırlaştırılmış Kedi Maması" class="j9GVl ktYB1"><div class="xLZSN"><img srcset="https://cdn.cimri.io/image/148x148/purina-one-bifensis-sterilcat-sigir-etli-2x800-gr-kisirlastirilmis-kedi-mamasi_418058359.jpg 1x, https://cdn.cimri.io/image/296x296/purina-one-bifensis-sterilcat-sigir-etli-2x800-gr-kisirlastirilmis-kedi-mamasi_418058359.jpg 2x" alt="Purina One Bifensis Sterilcat Sığır Etli 2x800 gr Kısırlaştırılmış Kedi Maması" width="148" height="148" src="https://cdn.cimri.io/image/148x148/purina-one-bifensis-sterilcat-sigir-etli-2x800-gr-kisirlastirilmis-kedi-mamasi_418058359.jpg" class="p2aw_" loading="lazy"></div><div class="puF5U"><h3>Purina One Bifensis Sterilcat Sığır Etli 2x800 gr Kısırlaştırılmış Kedi Maması</h3><div class="NVt_n"><button aria-label="fiyat alarmı butonu" class="nnPQT R_9ld EnWFQ YVKcB c3VSc"><i class="cimri-icon-bell"></i></button><button class="Mz1wq LDIzJ dqkWb" data-button="true">6 fiyatı incele</button></div></div></a><div class="Oh1xQ"><div class="CZthP"><div class="ZvRbD"><div class="pDjkg"><span class="BODMP s2nra j5AEN"></span><div><div class="N9xux"><p class="tnwdh">413,10 TL</p><i class="cimri-icon-arrow-right-next x1t4S"></i></div></div><div class="HyJ1h"><img alt="idefix" width="55" height="24" src="https://cdn.cimri.io/pictures/merchant-logos/9968.png?v=1" class="" loading="lazy"></div></div></div><div class="ZvRbD"><div class="pDjkg"><span class="BODMP s2nra"></span><div><div class="N9xux"><p class="tnwdh">791,10 TL</p><i class="cimri-icon-arrow-right-next x1t4S"></i></div></div><div class="HyJ1h"><img alt="n11" width="55" height="24" src="https://cdn.cimri.io/pictures/merchant-logos/7000.png?v=1" class="" loading="lazy"></div></div></div><div class="ZvRbD"><div class="pDjkg"><span class="BODMP s2nra"></span><div><div class="N9xux"><p class="tnwdh">1.399,00 TL</p><i class="cimri-icon-arrow-right-next x1t4S"></i></div></div><div class="S7sCc IXkai"><i class="cimri-icon-credit-card"></i><span>PEŞİN FİYATINA 3 TAKSİT</span></div><div class="HyJ1h"><img alt="Amazon" width="55" height="24" src="https://cdn.cimri.io/pictures/merchant-logos/10370.png?v=1" class="" loading="lazy"></div></div></div></div></div></article><article class="dWBEz" data-size="medium"><a href="/kuru-kedi-mamasi/en-ucuz-paw-paw-tavuklu-15-kg-yavru-kedi-mamasi-fiyatlari,69191313" title="Paw Paw Tavuklu 15 kg Yavru Kedi Maması" class="j9GVl ktYB1"><div class="xLZSN"><img srcset="https://cdn.cimri.io/image/148x148/paw-paw-tavuklu-15-kg-yavru-kedi-mamasi_138807000.jpg 1x, https://cdn.cimri.io/image/296x296/paw-paw-tavuklu-15-kg-yavru-kedi-mamasi_138807000.jpg 2x" alt="Paw Paw Tavuklu 15 kg Yavru Kedi Maması" width="148" height="148" src="https://cdn.cimri.io/image/148x148/paw-paw-tavuklu-15-kg-yavru-kedi-mamasi_138807000.jpg" class="p2aw_" loading="lazy"></div><div class="puF5U"><h3>Paw Paw Tavuklu 15 kg Yavru Kedi Maması</h3><div class="NVt_n"><button aria-label="fiyat alarmı butonu" class="nnPQT R_9ld EnWFQ YVKcB c3VSc"><i class="cimri-icon-bell"></i></button><button class="Mz1wq LDIzJ dqkWb" data-button="true">11 fiyatı incele</button></div></div></a><div class="Oh1xQ"><div class="CZthP"><div class="ZvRbD"><div class="pDjkg"><span class="BODMP s2nra j5AEN"></span><div><div class="N9xux"><p class="tnwdh">1.156,46 TL</p><i class="cimri-icon-arrow-right-next x1t4S"></i></div><p class="qoWz6">77,10 TL / kg</p></div><div class="HyJ1h"><img alt="n11" width="55" height="24" src="https://cdn.cimri.io/pictures/merchant-logos/7000.png?v=1" class="" loading="lazy"></div></div></div><div class="ZvRbD"><div class="pDjkg"><span class="BODMP s2nra"></span><div><div class="N9xux"><p class="tnwdh">1.160,55 TL</p><i class="cimri-icon-arrow-right-next x1t4S"></i></div><p class="qoWz6">77,37 TL / kg</p></div><div class="HyJ1h"><img alt="Pazarama" width="55" height="24" src="https://cdn.cimri.io/pictures/merchant-logos/12929.png?v=1" class="" loading="lazy"></div></div></div><div class="ZvRbD"><div class="pDjkg"><span class="BODMP s2nra"></span><div><div class="N9xux"><p class="tnwdh">1.210,00 TL</p><i class="cimri-icon-arrow-right-next x1t4S"></i></div><p class="qoWz6">80,67 TL / kg</p></div><div class="HyJ1h"><img alt="PttAVM" width="55" height="24" src="https://cdn.cimri.io/pictures/merchant-logos/11512.png?v=1" class="" loading="lazy"></div></div></div></div></div></article><article class="dWBEz" data-size="medium"><a href="/kuru-kedi-mamasi/en-ucuz-trendline-sterilised-tavuklu-15-kg-kisirlastirilmis-kuru-kedi-mamasi-fiyatlari,699962833" title="Trendline Sterilised Tavuklu 15 kg Kısırlaştırılmış Kuru Kedi Maması" class="j9GVl ktYB1"><div class="xLZSN"><img srcset="https://cdn.cimri.io/image/148x148/trendline-sterilised-tavuklu-15-kg-kisirlastirilmis-kuru-kedi-mamasi_347089049.jpg 1x, https://cdn.cimri.io/image/296x296/trendline-sterilised-tavuklu-15-kg-kisirlastirilmis-kuru-kedi-mamasi_347089049.jpg 2x" alt="Trendline Sterilised Tavuklu 15 kg Kısırlaştırılmış Kuru Kedi Maması" width="148" height="148" src="https://cdn.cimri.io/image/148x148/trendline-sterilised-tavuklu-15-kg-kisirlastirilmis-kuru-kedi-mamasi_347089049.jpg" class="p2aw_" loading="lazy"></div><div class="puF5U"><h3>Trendline Sterilised Tavuklu 15 kg Kısırlaştırılmış Kuru Kedi Maması</h3><div class="NVt_n"><button aria-label="fiyat alarmı butonu" class="nnPQT R_9ld EnWFQ YVKcB c3VSc"><i class="cimri-icon-bell"></i></button><button class="Mz1wq LDIzJ dqkWb" data-button="true">25 fiyatı incele</button></div></div></a><div class="Oh1xQ"><div class="CZthP"><div class="ZvRbD"><div class="pDjkg"><span class="BODMP s2nra j5AEN"></span><div><div class="N9xux"><p class="tnwdh">1.199,00 TL</p><i class="cimri-icon-arrow-right-next x1t4S"></i></div><p class="qoWz6">79,93 TL / kg</p></div><div class="HyJ1h"><img alt="A101" width="55" height="24" src="https://cdn.cimri.io/pictures/merchant-logos/10416.png?v=1" class="" loading="lazy"></div></div></div><div class="ZvRbD"><div class="pDjkg"><span class="BODMP s2nra"></span><div><div class="N9xux"><p class="tnwdh">1.434,90 TL</p><i class="cimri-icon-arrow-right-next x1t4S"></i></div><p class="qoWz6">95,66 TL / kg</p></div><div class="HyJ1h"><img alt="Petzzshop" width="55" height="24" src="https://cdn.cimri.io/pictures/merchant-logos/10719.png?v=1" class="" loading="lazy"></div></div></div><div class="ZvRbD"><div class="pDjkg"><span class="BODMP s2nra"></span><div><div class="N9xux"><p class="tnwdh">1.485,00 TL</p><i class="cimri-icon-arrow-right-next x1t4S"></i></div><p class="qoWz6">99,00 TL / kg</p></div><div class="HyJ1h"><img alt="PttAVM" width="55" height="24" src="https://cdn.cimri.io/pictures/merchant-logos/11512.png?v=1" class="" loading="lazy"></div></div></div></div></div></article><div id="adslot-body-728x90-1-4" class="v9kcb HLm74"></div><article class="dWBEz" data-size="xxxlarge"><a href="/kuru-kedi-mamasi/en-ucuz-pro-plan-adult-10-kg-tavuklu-kedi-mamasi-fiyatlari,187613398" title="Pro Plan Adult 10 kg Tavuklu Kedi Maması" class="j9GVl ktYB1"><div class="xLZSN"><img srcset="https://cdn.cimri.io/image/148x148/pro-plan-adult-10-kg-tavuklu-kedi-mamasi_60828710.jpg 1x, https://cdn.cimri.io/image/296x296/pro-plan-adult-10-kg-tavuklu-kedi-mamasi_60828710.jpg 2x" alt="Pro Plan Adult 10 kg Tavuklu Kedi Maması" width="148" height="148" src="https://cdn.cimri.io/image/148x148/pro-plan-adult-10-kg-tavuklu-kedi-mamasi_60828710.jpg" class="p2aw_" loading="lazy"></div><div class="puF5U"><h3>Pro Plan Adult 10 kg Tavuklu Kedi Maması</h3><div class="NVt_n"><button aria-label="fiyat alarmı butonu" class="nnPQT R_9ld EnWFQ YVKcB c3VSc"><i class="cimri-icon-bell"></i></button><button class="Mz1wq LDIzJ dqkWb" data-button="true">21 fiyatı incele</button></div></div></a><div class="Oh1xQ"><div class="CZthP"><div class="ZvRbD"><div class="pDjkg"><span class="BODMP s2nra j5AEN"></span><div><div class="N9xux"><p class="tnwdh">3.085,12 TL</p><i class="cimri-icon-arrow-right-next x1t4S"></i></div><span class="fvt5M">3.185,12 TL</span><p class="qoWz6">308,51 TL / kg</p></div><div class="S7sCc j8hvM"><i class="cimri-icon-sale-discount-promotion"></i><span>Sepette 100 TL: 100CİMRİ</span></div><div class="HyJ1h"><img alt="PttAVM" width="55" height="24" src="https://cdn.cimri.io/pictures/merchant-logos/11512.png?v=1" class="" loading="lazy"></div></div></div><div class="ZvRbD"><div class="pDjkg"><span class="BODMP s2nra"></span><div><div class="N9xux"><p class="tnwdh">3.491,03 TL</p><i class="cimri-icon-arrow-right-next x1t4S"></i></div><p class="qoWz6">349,10 TL / kg</p></div><div class="HyJ1h"><img alt="idefix" width="55" height="24" src="https://cdn.cimri.io/pictures/merchant-logos/9968.png?v=1" class="" loading="lazy"></div></div></div><div class="ZvRbD"><div class="pDjkg"><span class="BODMP s2nra"></span><div><div class="N9xux"><p class="tnwdh">3.800,00 TL</p><i class="cimri-icon-arrow-right-next x1t4S"></i></div><p class="qoWz6">380,00 TL / kg</p></div><div class="HyJ1h"><img alt="3a Petshop" width="55" height="24" src="https://cdn.cimri.io/pictures/merchant-logos/16143.png?v=1" class="" loading="lazy"></div></div></div></div></div></article><article class="dWBEz" data-size="xxxlarge"><a href="/kuru-kedi-mamasi/en-ucuz-pro-plan-tavuklu-tavuklu-10-kg-yetiskin-kedi-mamasi-fiyatlari,2192006836" title="Pro Plan Tavuklu Tavuklu 10 kg Yetişkin Kedi Maması" class="j9GVl ktYB1"><div class="xLZSN"><img srcset="https://cdn.cimri.io/image/148x148/pro-plan-tavuklu-tavuklu-10-kg-yetiskin-kedi-mamasi_813138068.jpg 1x, https://cdn.cimri.io/image/296x296/pro-plan-tavuklu-tavuklu-10-kg-yetiskin-kedi-mamasi_813138068.jpg 2x" alt="Pro Plan Tavuklu Tavuklu 10 kg Yetişkin Kedi Maması" width="148" height="148" src="https://cdn.cimri.io/image/148x148/pro-plan-tavuklu-tavuklu-10-kg-yetiskin-kedi-mamasi_813138068.jpg" class="p2aw_" loading="lazy"></div><div class="puF5U"><h3>Pro Plan Tavuklu Tavuklu 10 kg Yetişkin Kedi Maması</h3><div class="NVt_n"><button aria-label="fiyat alarmı butonu" class="nnPQT R_9ld EnWFQ YVKcB c3VSc"><i class="cimri-icon-bell"></i></button><button class="Mz1wq LDIzJ dqkWb" data-button="true">8 fiyatı incele</button></div></div></a><div class="Oh1xQ"><div class="CZthP"><div class="ZvRbD"><div class="pDjkg"><span class="BODMP s2nra j5AEN"></span><div><div class="N9xux"><p class="tnwdh">3.233,01 TL</p><i class="cimri-icon-arrow-right-next x1t4S"></i></div><span class="fvt5M">3.333,01 TL</span><p class="qoWz6">323,30 TL / kg</p></div><div class="S7sCc j8hvM"><i class="cimri-icon-sale-discount-promotion"></i><span>Sepette 100 TL: 100CİMRİ</span></div><div class="HyJ1h"><img alt="PttAVM" width="55" height="24" src="https://cdn.cimri.io/pictures/merchant-logos/11512.png?v=1" class="" loading="lazy"></div></div></div><div class="ZvRbD"><div class="pDjkg"><span class="BODMP s2nra"></span><div><div class="N9xux"><p class="tnwdh">3.491,03 TL</p><i class="cimri-icon-arrow-right-next x1t4S"></i></div><p class="qoWz6">349,10 TL / kg</p></div><div class="HyJ1h"><img alt="idefix" width="55" height="24" src="https://cdn.cimri.io/pictures/merchant-logos/9968.png?v=1" class="" loading="lazy"></div></div></div><div class="ZvRbD"><div class="pDjkg"><span class="BODMP s2nra"></span><div><div class="N9xux"><p class="tnwdh">3.800,00 TL</p><i class="cimri-icon-arrow-right-next x1t4S"></i></div><p class="qoWz6">380,00 TL / kg</p></div><div class="HyJ1h"><img alt="Jet Mama Center" width="55" height="24" src="https://cdn.cimri.io/pictures/merchant-logos/23557.png?v=1" class="" loading="lazy"></div></div></div></div></div></article><article class="dWBEz" data-size="xlarge"><a href="/kuru-kedi-mamasi/en-ucuz-challenge-adult-tavuklu-15-kg-yetiskin-kedi-mamasi-fiyatlari,2200578142" title="Challenge Adult Tavuklu 15 kg Yetişkin Kedi Maması" class="j9GVl ktYB1"><div class="xLZSN"><img srcset="https://cdn.cimri.io/image/148x148/challenge-adult-tavuklu-15-kg-yetiskin-kedi-mamasi_812972440.jpg 1x, https://cdn.cimri.io/image/296x296/challenge-adult-tavuklu-15-kg-yetiskin-kedi-mamasi_812972440.jpg 2x" alt="Challenge Adult Tavuklu 15 kg Yetişkin Kedi Maması" width="148" height="148" src="https://cdn.cimri.io/image/148x148/challenge-adult-tavuklu-15-kg-yetiskin-kedi-mamasi_812972440.jpg" class="p2aw_" loading="lazy"></div><div class="puF5U"><h3>Challenge Adult Tavuklu 15 kg Yetişkin Kedi Maması</h3><div class="NVt_n"><button aria-label="fiyat alarmı butonu" class="nnPQT R_9ld EnWFQ YVKcB c3VSc"><i class="cimri-icon-bell"></i></button><button class="Mz1wq LDIzJ dqkWb" data-button="true">10 fiyatı incele</button></div></div></a><div class="Oh1xQ"><div class="CZthP"><div class="ZvRbD"><div class="pDjkg"><span class="BODMP s2nra j5AEN"></span><div><div class="N9xux"><p class="tnwdh">828,00 TL</p><i class="cimri-icon-arrow-right-next x1t4S"></i></div><p class="qoWz6">55,20 TL / kg</p></div><div class="S7sCc IXkai"><i class="cimri-icon-credit-card"></i><span>PEŞİN FİYATINA 3 TAKSİT</span></div><div class="HyJ1h"><img alt="Amazon" width="55" height="24" src="https://cdn.cimri.io/pictures/merchant-logos/10370.png?v=1" class="" loading="lazy"></div></div></div><div class="ZvRbD"><div class="pDjkg"><span class="BODMP s2nra"></span><div><div class="N9xux"><p class="tnwdh">900,00 TL</p><i class="cimri-icon-arrow-right-next x1t4S"></i></div><p class="qoWz6">60,00 TL / kg</p></div><div class="HyJ1h"><img alt="Zoopet" width="55" height="24" src="https://cdn.cimri.io/pictures/merchant-logos/12059.png?v=1" class="" loading="lazy"></div></div></div><div class="ZvRbD"><div class="pDjkg"><span class="BODMP s2nra"></span><div><div class="N9xux"><p class="tnwdh">990,00 TL</p><i class="cimri-icon-arrow-right-next x1t4S"></i></div><p class="qoWz6">66,00 TL / kg</p></div><div class="S7sCc IXkai"><i class="cimri-icon-credit-card"></i><span>PEŞİN FİYATINA 3 TAKSİT</span></div><div class="HyJ1h"><img alt="Hepsiburada" width="55" height="24" src="https://cdn.cimri.io/pictures/merchant-logos/1497.png?v=1" class="" loading="lazy"></div></div></div></div></div></article><article class="dWBEz" data-size="medium"><a href="/kuru-kedi-mamasi/en-ucuz-pro-plan-sterilised-kisirlastirilmis-kediler-icin-somonlu-ve-ton-balikli-3-kg-kedi-mamasi-fiyatlari,1390030222" title="Pro Plan Sterilised Kısırlaştırılmış Kediler İçin Somonlu Ve Ton Balıklı 3 kg Kedi Maması" class="j9GVl ktYB1"><div class="xLZSN"><img srcset="https://cdn.cimri.io/image/148x148/pro-plan-sterilised-kisirlastirilmis-kediler-icin-somonlu-ve-ton-balikli-3-kg-kedi-mamasi_676093150.jpg 1x, https://cdn.cimri.io/image/296x296/pro-plan-sterilised-kisirlastirilmis-kediler-icin-somonlu-ve-ton-balikli-3-kg-kedi-mamasi_676093150.jpg 2x" alt="Pro Plan Sterilised Kısırlaştırılmış Kediler İçin Somonlu Ve Ton Balıklı 3 kg Kedi Maması" width="148" height="148" src="https://cdn.cimri.io/image/148x148/pro-plan-sterilised-kisirlastirilmis-kediler-icin-somonlu-ve-ton-balikli-3-kg-kedi-mamasi_676093150.jpg" class="p2aw_" loading="lazy"></div><div class="puF5U"><h3>Pro Plan Sterilised Kısırlaştırılmış Kediler İçin Somonlu Ve Ton Balıklı 3 kg Kedi Maması</h3><div class="NVt_n"><button aria-label="fiyat alarmı butonu" class="nnPQT R_9ld EnWFQ YVKcB c3VSc"><i class="cimri-icon-bell"></i></button><button class="Mz1wq LDIzJ dqkWb" data-button="true">13 fiyatı incele</button></div></div></a><div class="Oh1xQ"><div class="CZthP"><div class="ZvRbD"><div class="pDjkg"><span class="BODMP s2nra j5AEN"></span><div><div class="N9xux"><p class="tnwdh">1.145,00 TL</p><i class="cimri-icon-arrow-right-next x1t4S"></i></div><p class="qoWz6">381,67 TL / kg</p></div><div class="HyJ1h"><img alt="Pazarama" width="55" height="24" src="https://cdn.cimri.io/pictures/merchant-logos/12929.png?v=1" class="" loading="lazy"></div></div></div><div class="ZvRbD"><div class="pDjkg"><span class="BODMP s2nra"></span><div><div class="N9xux"><p class="tnwdh">1.322,10 TL</p><i class="cimri-icon-arrow-right-next x1t4S"></i></div><p class="qoWz6">440,70 TL / kg</p></div><div class="HyJ1h"><img alt="idefix" width="55" height="24" src="https://cdn.cimri.io/pictures/merchant-logos/9968.png?v=1" class="" loading="lazy"></div></div></div><div class="ZvRbD"><div class="pDjkg"><span class="BODMP s2nra"></span><div><div class="N9xux"><p class="tnwdh">1.619,99 TL</p><i class="cimri-icon-arrow-right-next x1t4S"></i></div><p class="qoWz6">540,00 TL / kg</p></div><div class="HyJ1h"><img alt="PttAVM" width="55" height="24" src="https://cdn.cimri.io/pictures/merchant-logos/11512.png?v=1" class="" loading="lazy"></div></div></div></div></div></article><div id="adslot-body-728x90-1-5" class="v9kcb HLm74"></div><article class="dWBEz" data-size="xlarge"><a href="/kuru-kedi-mamasi/en-ucuz-reflex-plus-kuzulu-ve-pirincli-15-kg-yetiskin-kuru-kedi-mamasi-fiyatlari,46414897" title="Reflex Plus Kuzulu ve Pirinçli 15 kg Yetişkin Kuru Kedi Maması" class="j9GVl ktYB1"><div class="xLZSN"><img srcset="https://cdn.cimri.io/image/148x148/reflex-plus-kuzulu-ve-pirincli-15-kg-yetiskin-kuru-kedi-mamasi_590802937.jpg 1x, https://cdn.cimri.io/image/296x296/reflex-plus-kuzulu-ve-pirincli-15-kg-yetiskin-kuru-kedi-mamasi_590802937.jpg 2x" alt="Reflex Plus Kuzulu ve Pirinçli 15 kg Yetişkin Kuru Kedi Maması" width="148" height="148" src="https://cdn.cimri.io/image/148x148/reflex-plus-kuzulu-ve-pirincli-15-kg-yetiskin-kuru-kedi-mamasi_590802937.jpg" class="p2aw_" loading="lazy"></div><div class="puF5U"><h3>Reflex Plus Kuzulu ve Pirinçli 15 kg Yetişkin Kuru Kedi Maması</h3><div class="NVt_n"><button aria-label="fiyat alarmı butonu" class="nnPQT R_9ld EnWFQ YVKcB c3VSc"><i class="cimri-icon-bell"></i></button><button class="Mz1wq LDIzJ dqkWb" data-button="true">16 fiyatı incele</button></div></div></a><div class="Oh1xQ"><div class="CZthP"><div class="ZvRbD"><div class="pDjkg"><span class="BODMP s2nra IdEu8"></span><div><div class="N9xux"><p class="tnwdh">2.234,36 TL</p><i class="cimri-icon-arrow-right-next x1t4S"></i></div><p class="qoWz6">148,96 TL / kg</p></div><div class="S7sCc IXkai"><i class="cimri-icon-credit-card"></i><span>PEŞİN FİYATINA 3 TAKSİT</span></div><div class="HyJ1h"><img alt="Amazon" width="55" height="24" src="https://cdn.cimri.io/pictures/merchant-logos/10370.png?v=1" class="" loading="lazy"></div></div></div><div class="ZvRbD"><div class="pDjkg"><span class="BODMP s2nra j5AEN"></span><div><div class="N9xux"><p class="tnwdh">2.175,00 TL</p><i class="cimri-icon-arrow-right-next x1t4S"></i></div><p class="qoWz6">145,00 TL / kg</p></div><div class="HyJ1h"><img alt="Alsingross" width="55" height="24" src="https://cdn.cimri.io/pictures/merchant-logos/12421.png?v=1" class="" loading="lazy"></div></div></div><div class="ZvRbD"><div class="pDjkg"><span class="BODMP s2nra"></span><div><div class="N9xux"><p class="tnwdh">2.178,00 TL</p><i class="cimri-icon-arrow-right-next x1t4S"></i></div><p class="qoWz6">145,20 TL / kg</p></div><div class="HyJ1h"><img alt="Mama Al" width="55" height="24" src="https://cdn.cimri.io/pictures/merchant-logos/12261.png?v=1" class="" loading="lazy"></div></div></div></div></div></article><article class="dWBEz" data-size="xlarge"><a href="/kuru-kedi-mamasi/en-ucuz-reflex-plus-8-kg-tavuklu-yavru-kedi-mamasi-fiyatlari,692572264" title="Reflex Plus 8 kg Tavuklu Yavru Kedi Maması" class="j9GVl ktYB1"><div class="xLZSN"><img srcset="https://cdn.cimri.io/image/148x148/reflex-plus-8-kg-tavuklu-yavru-kedi-mamasi_589286519.jpg 1x, https://cdn.cimri.io/image/296x296/reflex-plus-8-kg-tavuklu-yavru-kedi-mamasi_589286519.jpg 2x" alt="Reflex Plus 8 kg Tavuklu Yavru Kedi Maması" width="148" height="148" src="https://cdn.cimri.io/image/148x148/reflex-plus-8-kg-tavuklu-yavru-kedi-mamasi_589286519.jpg" class="p2aw_" loading="lazy"></div><div class="puF5U"><h3>Reflex Plus 8 kg Tavuklu Yavru Kedi Maması</h3><div class="NVt_n"><button aria-label="fiyat alarmı butonu" class="nnPQT R_9ld EnWFQ YVKcB c3VSc"><i class="cimri-icon-bell"></i></button><button class="Mz1wq LDIzJ dqkWb" data-button="true">14 fiyatı incele</button></div></div></a><div class="Oh1xQ"><div class="CZthP"><div class="ZvRbD"><div class="pDjkg"><span class="BODMP s2nra IdEu8"></span><div><div class="N9xux"><p class="tnwdh">1.156,48 TL</p><i class="cimri-icon-arrow-right-next x1t4S"></i></div><p class="qoWz6">144,56 TL / kg</p></div><div class="S7sCc IXkai"><i class="cimri-icon-credit-card"></i><span>PEŞİN FİYATINA 3 TAKSİT</span></div><div class="HyJ1h"><img alt="Amazon" width="55" height="24" src="https://cdn.cimri.io/pictures/merchant-logos/10370.png?v=1" class="" loading="lazy"></div></div></div><div class="ZvRbD"><div class="pDjkg"><span class="BODMP s2nra j5AEN"></span><div><div class="N9xux"><p class="tnwdh">1.155,30 TL</p><i class="cimri-icon-arrow-right-next x1t4S"></i></div><p class="qoWz6">144,41 TL / kg</p></div><div class="HyJ1h"><img alt="Mama Al" width="55" height="24" src="https://cdn.cimri.io/pictures/merchant-logos/12261.png?v=1" class="" loading="lazy"></div></div></div><div class="ZvRbD"><div class="pDjkg"><span class="BODMP s2nra"></span><div><div class="N9xux"><p class="tnwdh">1.227,36 TL</p><i class="cimri-icon-arrow-right-next x1t4S"></i></div><p class="qoWz6">153,42 TL / kg</p></div><div class="HyJ1h"><img alt="n11" width="55" height="24" src="https://cdn.cimri.io/pictures/merchant-logos/7000.png?v=1" class="" loading="lazy"></div></div></div></div></div></article><article class="dWBEz" data-size="xlarge"><a href="/kuru-kedi-mamasi/en-ucuz-nd-dusuk-tahilli-tavuklu-narli-10-kg-kisirlastirilmis-yetiskin-kedi-mamasi-fiyatlari,49338956" title="N&amp;D 10 kg Düşük Tahıllı Tavuklu Narlı Yetişkin Kedi Maması" class="j9GVl ktYB1"><div class="xLZSN"><img srcset="https://cdn.cimri.io/image/148x148/nd-10-kg-dusuk-tahilli-tavuklu-narli-yetiskin-kedi-mamasi_590822283.jpg 1x, https://cdn.cimri.io/image/296x296/nd-10-kg-dusuk-tahilli-tavuklu-narli-yetiskin-kedi-mamasi_590822283.jpg 2x" alt="N&amp;D 10 kg Düşük Tahıllı Tavuklu Narlı Yetişkin Kedi Maması" width="148" height="148" src="https://cdn.cimri.io/image/148x148/nd-10-kg-dusuk-tahilli-tavuklu-narli-yetiskin-kedi-mamasi_590822283.jpg" class="p2aw_" loading="lazy"></div><div class="puF5U"><h3>N&amp;D 10 kg Düşük Tahıllı Tavuklu Narlı Yetişkin Kedi Maması</h3><div class="NVt_n"><button aria-label="fiyat alarmı butonu" class="nnPQT R_9ld EnWFQ YVKcB c3VSc"><i class="cimri-icon-bell"></i></button><button class="Mz1wq LDIzJ dqkWb" data-button="true">30 fiyatı incele</button></div></div></a><div class="Oh1xQ"><div class="CZthP"><div class="ZvRbD"><div class="pDjkg"><span class="BODMP s2nra j5AEN"></span><div><div class="N9xux"><p class="tnwdh">3.940,00 TL</p><i class="cimri-icon-arrow-right-next x1t4S"></i></div><p class="qoWz6">394,00 TL / kg</p></div><div class="HyJ1h"><img alt="idefix" width="55" height="24" src="https://cdn.cimri.io/pictures/merchant-logos/9968.png?v=1" class="" loading="lazy"></div></div></div><div class="ZvRbD"><div class="pDjkg"><span class="BODMP s2nra"></span><div><div class="N9xux"><p class="tnwdh">4.329,00 TL</p><i class="cimri-icon-arrow-right-next x1t4S"></i></div><p class="qoWz6">432,90 TL / kg</p></div><div class="S7sCc IXkai"><i class="cimri-icon-credit-card"></i><span>PEŞİN FİYATINA 3 TAKSİT</span></div><div class="HyJ1h"><img alt="Hepsiburada" width="55" height="24" src="https://cdn.cimri.io/pictures/merchant-logos/1497.png?v=1" class="" loading="lazy"></div></div></div><div class="ZvRbD"><div class="pDjkg"><span class="BODMP s2nra"></span><div><div class="N9xux"><p class="tnwdh">4.458,90 TL</p><i class="cimri-icon-arrow-right-next x1t4S"></i></div><p class="qoWz6">445,89 TL / kg</p></div><div class="HyJ1h"><img alt="Petzzshop" width="55" height="24" src="https://cdn.cimri.io/pictures/merchant-logos/10719.png?v=1" class="" loading="lazy"></div></div></div></div></div></article><article class="dWBEz" data-size="xxxlarge"><a href="/kuru-kedi-mamasi/en-ucuz-proplan-yetiskin-kediler-icin-somonlu-10-kg-kuru-kedi-mamasi-fiyatlari,143459233" title="Proplan Yetişkin Kediler İçin Somonlu 10 kg Kuru Kedi Maması" class="j9GVl ktYB1"><div class="xLZSN"><img srcset="https://cdn.cimri.io/image/148x148/proplan-yetiskin-kediler-icin-somonlu-10-kg-kuru-kedi-mamasi_240469508.jpg 1x, https://cdn.cimri.io/image/296x296/proplan-yetiskin-kediler-icin-somonlu-10-kg-kuru-kedi-mamasi_240469508.jpg 2x" alt="Proplan Yetişkin Kediler İçin Somonlu 10 kg Kuru Kedi Maması" width="148" height="148" src="https://cdn.cimri.io/image/148x148/proplan-yetiskin-kediler-icin-somonlu-10-kg-kuru-kedi-mamasi_240469508.jpg" class="p2aw_" loading="lazy"></div><div class="puF5U"><h3>Proplan Yetişkin Kediler İçin Somonlu 10 kg Kuru Kedi Maması</h3><div class="NVt_n"><button aria-label="fiyat alarmı butonu" class="nnPQT R_9ld EnWFQ YVKcB c3VSc"><i class="cimri-icon-bell"></i></button><button class="Mz1wq LDIzJ dqkWb" data-button="true">5 fiyatı incele</button></div></div></a><div class="Oh1xQ"><div class="CZthP"><div class="ZvRbD"><div class="pDjkg"><span class="BODMP s2nra j5AEN"></span><div><div class="N9xux"><p class="tnwdh">3.014,10 TL</p><i class="cimri-icon-arrow-right-next x1t4S"></i></div><p class="qoWz6">301,41 TL / kg</p></div><div class="S7sCc IXkai"><i class="cimri-icon-credit-card"></i><span>PEŞİN FİYATINA 3 TAKSİT</span></div><div class="HyJ1h"><img alt="Hepsiburada" width="55" height="24" src="https://cdn.cimri.io/pictures/merchant-logos/1497.png?v=1" class="" loading="lazy"></div></div></div><div class="ZvRbD"><div class="pDjkg"><span class="BODMP s2nra"></span><div><div class="N9xux"><p class="tnwdh">3.899,00 TL</p><i class="cimri-icon-arrow-right-next x1t4S"></i></div><p class="qoWz6">389,90 TL / kg</p></div><div class="S7sCc IXkai"><i class="cimri-icon-credit-card"></i><span>PEŞİN FİYATINA 3 TAKSİT</span></div><div class="HyJ1h"><img alt="Amazon" width="55" height="24" src="https://cdn.cimri.io/pictures/merchant-logos/10370.png?v=1" class="" loading="lazy"></div></div></div><div class="ZvRbD"><div class="pDjkg"><span class="BODMP s2nra"></span><div><div class="N9xux"><p class="tnwdh">4.006,82 TL</p><i class="cimri-icon-arrow-right-next x1t4S"></i></div><span class="fvt5M">4.106,82 TL</span><p class="qoWz6">400,68 TL / kg</p></div><div class="S7sCc j8hvM"><i class="cimri-icon-sale-discount-promotion"></i><span>Sepette 100 TL: 100CİMRİ</span></div><div class="HyJ1h"><img alt="PttAVM" width="55" height="24" src="https://cdn.cimri.io/pictures/merchant-logos/11512.png?v=1" class="" loading="lazy"></div></div></div></div></div></article><div id="adslot-body-728x90-1-6" class="v9kcb HLm74"></div><article class="dWBEz" data-size="medium"><a href="/kuru-kedi-mamasi/en-ucuz-mito-15-kg-tavuklu-yetiskin-kedi-mamasi-fiyatlari,2250337488" title="Mito 15 kg Tavuklu Yetişkin Kedi Maması" class="j9GVl ktYB1"><div class="xLZSN"><img srcset="https://cdn.cimri.io/image/148x148/mito-15-kg-tavuklu-yetiskin-kedi-mamasi_842972226.jpg 1x, https://cdn.cimri.io/image/296x296/mito-15-kg-tavuklu-yetiskin-kedi-mamasi_842972226.jpg 2x" alt="Mito 15 kg Tavuklu Yetişkin Kedi Maması" width="148" height="148" src="https://cdn.cimri.io/image/148x148/mito-15-kg-tavuklu-yetiskin-kedi-mamasi_842972226.jpg" class="p2aw_" loading="lazy"></div><div class="puF5U"><h3>Mito 15 kg Tavuklu Yetişkin Kedi Maması</h3><div class="NVt_n"><button aria-label="fiyat alarmı butonu" class="nnPQT R_9ld EnWFQ YVKcB c3VSc"><i class="cimri-icon-bell"></i></button><button class="Mz1wq LDIzJ dqkWb" data-button="true">5 fiyatı incele</button></div></div></a><div class="Oh1xQ"><div class="CZthP"><div class="ZvRbD"><div class="pDjkg"><span class="BODMP s2nra j5AEN"></span><div><div class="N9xux"><p class="tnwdh">1.575,00 TL</p><i class="cimri-icon-arrow-right-next x1t4S"></i></div><p class="qoWz6">105,00 TL / kg</p></div><div class="HyJ1h"><img alt="MGS Group" width="55" height="24" src="https://cdn.cimri.io/pictures/merchant-logos/23509.png?v=1" class="" loading="lazy"></div></div></div><div class="ZvRbD"><div class="pDjkg"><span class="BODMP s2nra"></span><div><div class="N9xux"><p class="tnwdh">1.799,10 TL</p><i class="cimri-icon-arrow-right-next x1t4S"></i></div><p class="qoWz6">119,94 TL / kg</p></div><div class="HyJ1h"><img alt="idefix" width="55" height="24" src="https://cdn.cimri.io/pictures/merchant-logos/9968.png?v=1" class="" loading="lazy"></div></div></div><div class="ZvRbD"><div class="pDjkg"><span class="BODMP s2nra"></span><div><div class="N9xux"><p class="tnwdh">1.799,10 TL</p><i class="cimri-icon-arrow-right-next x1t4S"></i></div><p class="qoWz6">119,94 TL / kg</p></div><div class="HyJ1h"><img alt="n11" width="55" height="24" src="https://cdn.cimri.io/pictures/merchant-logos/7000.png?v=1" class="" loading="lazy"></div></div></div></div></div></article><article class="dWBEz" data-size="xlarge"><a href="/kuru-kedi-mamasi/en-ucuz-homie-15-kg-premium-tavuklu-yetiskin-kedi-mamasi-fiyatlari,2399091877" title="Homie 15 kg Premium Tavuklu Yetişkin Kedi Maması" class="j9GVl ktYB1"><div class="xLZSN"><img srcset="https://cdn.cimri.io/image/148x148/homie-15-kg-premium-tavuklu-yetiskin-kedi-mamasi_931856751.jpg 1x, https://cdn.cimri.io/image/296x296/homie-15-kg-premium-tavuklu-yetiskin-kedi-mamasi_931856751.jpg 2x" alt="Homie 15 kg Premium Tavuklu Yetişkin Kedi Maması" width="148" height="148" src="https://cdn.cimri.io/image/148x148/homie-15-kg-premium-tavuklu-yetiskin-kedi-mamasi_931856751.jpg" class="p2aw_" loading="lazy"></div><div class="puF5U"><h3>Homie 15 kg Premium Tavuklu Yetişkin Kedi Maması</h3><div class="NVt_n"><button aria-label="fiyat alarmı butonu" class="nnPQT R_9ld EnWFQ YVKcB c3VSc"><i class="cimri-icon-bell"></i></button><button class="Mz1wq LDIzJ dqkWb" data-button="true">8 fiyatı incele</button></div></div></a><div class="Oh1xQ"><div class="CZthP"><div class="ZvRbD"><div class="pDjkg"><span class="BODMP s2nra j5AEN"></span><div><div class="N9xux"><p class="tnwdh">1.649,00 TL</p><i class="cimri-icon-arrow-right-next x1t4S"></i></div><p class="qoWz6">109,93 TL / kg</p></div><div class="HyJ1h"><img alt="petimemama" width="55" height="24" src="https://cdn.cimri.io/pictures/merchant-logos/16742.png?v=1" class="" loading="lazy"></div></div></div><div class="ZvRbD"><div class="pDjkg"><span class="BODMP s2nra"></span><div><div class="N9xux"><p class="tnwdh">1.950,00 TL</p><i class="cimri-icon-arrow-right-next x1t4S"></i></div><p class="qoWz6">130,00 TL / kg</p></div><div class="HyJ1h"><img alt="Pazarama" width="55" height="24" src="https://cdn.cimri.io/pictures/merchant-logos/12929.png?v=1" class="" loading="lazy"></div></div></div><div class="ZvRbD"><div class="pDjkg"><span class="BODMP s2nra"></span><div><div class="N9xux"><p class="tnwdh">2.100,00 TL</p><i class="cimri-icon-arrow-right-next x1t4S"></i></div><p class="qoWz6">140,00 TL / kg</p></div><div class="S7sCc IXkai"><i class="cimri-icon-credit-card"></i><span>PEŞİN FİYATINA 3 TAKSİT</span></div><div class="HyJ1h"><img alt="Hepsiburada" width="55" height="24" src="https://cdn.cimri.io/pictures/merchant-logos/1497.png?v=1" class="" loading="lazy"></div></div></div></div></div></article><article class="dWBEz" data-size="medium"><a href="/kuru-kedi-mamasi/en-ucuz-felicia-az-tahilli-2-kg-kuzu-etli-yetiskin-hypoallergenic-kedi-mamasi-fiyatlari,2250323551" title="Felicia Az Tahıllı 2 kg Kuzu Etli Yetişkin HypoAllergenic Kedi Maması" class="j9GVl ktYB1"><div class="xLZSN"><img srcset="https://cdn.cimri.io/image/148x148/felicia-az-tahilli-2-kg-kuzu-etli-yetiskin-hypoallergenic-kedi-mamasi_842957959.jpg 1x, https://cdn.cimri.io/image/296x296/felicia-az-tahilli-2-kg-kuzu-etli-yetiskin-hypoallergenic-kedi-mamasi_842957959.jpg 2x" alt="Felicia Az Tahıllı 2 kg Kuzu Etli Yetişkin HypoAllergenic Kedi Maması" width="148" height="148" src="https://cdn.cimri.io/image/148x148/felicia-az-tahilli-2-kg-kuzu-etli-yetiskin-hypoallergenic-kedi-mamasi_842957959.jpg" class="p2aw_" loading="lazy"></div><div class="puF5U"><h3>Felicia Az Tahıllı 2 kg Kuzu Etli Yetişkin HypoAllergenic Kedi Maması</h3><div class="NVt_n"><button aria-label="fiyat alarmı butonu" class="nnPQT R_9ld EnWFQ YVKcB c3VSc"><i class="cimri-icon-bell"></i></button><button class="Mz1wq LDIzJ dqkWb" data-button="true">11 fiyatı incele</button></div></div></a><div class="Oh1xQ"><div class="CZthP"><div class="ZvRbD"><div class="pDjkg"><span class="BODMP s2nra j5AEN"></span><div><div class="N9xux"><p class="tnwdh">531,00 TL</p><i class="cimri-icon-arrow-right-next x1t4S"></i></div><p class="qoWz6">265,50 TL / kg</p></div><div class="HyJ1h"><img alt="Hepsiburada" width="55" height="24" src="https://cdn.cimri.io/pictures/merchant-logos/1497.png?v=1" class="" loading="lazy"></div></div></div><div class="ZvRbD"><div class="pDjkg"><span class="BODMP s2nra"></span><div><div class="N9xux"><p class="tnwdh">566,10 TL</p><i class="cimri-icon-arrow-right-next x1t4S"></i></div><p class="qoWz6">283,05 TL / kg</p></div><div class="HyJ1h"><img alt="idefix" width="55" height="24" src="https://cdn.cimri.io/pictures/merchant-logos/9968.png?v=1" class="" loading="lazy"></div></div></div><div class="ZvRbD"><div class="pDjkg"><span class="BODMP s2nra"></span><div><div class="N9xux"><p class="tnwdh">575,04 TL</p><i class="cimri-icon-arrow-right-next x1t4S"></i></div><p class="qoWz6">287,52 TL / kg</p></div><div class="HyJ1h"><img alt="Pazarama" width="55" height="24" src="https://cdn.cimri.io/pictures/merchant-logos/12929.png?v=1" class="" loading="lazy"></div></div></div></div></div></article><article class="dWBEz" data-size="xlarge"><a href="/kuru-kedi-mamasi/en-ucuz-reflex-plus-somonlu-hairball-15-kg-kedi-mamasi-fiyatlari,519584298" title="Reflex Plus Somonlu Hairball 15 kg Kedi Maması" class="j9GVl ktYB1"><div class="xLZSN"><img srcset="https://cdn.cimri.io/image/148x148/reflex-plus-somonlu-hairball-15-kg-kedi-mamasi_254283574.jpg 1x, https://cdn.cimri.io/image/296x296/reflex-plus-somonlu-hairball-15-kg-kedi-mamasi_254283574.jpg 2x" alt="Reflex Plus Somonlu Hairball 15 kg Kedi Maması" width="148" height="148" src="https://cdn.cimri.io/image/148x148/reflex-plus-somonlu-hairball-15-kg-kedi-mamasi_254283574.jpg" class="p2aw_" loading="lazy"></div><div class="puF5U"><h3>Reflex Plus Somonlu Hairball 15 kg Kedi Maması</h3><div class="NVt_n"><button aria-label="fiyat alarmı butonu" class="nnPQT R_9ld EnWFQ YVKcB c3VSc"><i class="cimri-icon-bell"></i></button><button class="Mz1wq LDIzJ dqkWb" data-button="true">18 fiyatı incele</button></div></div></a><div class="Oh1xQ"><div class="CZthP"><div class="ZvRbD"><div class="pDjkg"><span class="BODMP s2nra j5AEN"></span><div><div class="N9xux"><p class="tnwdh">2.573,00 TL</p><i class="cimri-icon-arrow-right-next x1t4S"></i></div><p class="qoWz6">171,53 TL / kg</p></div><div class="HyJ1h"><img alt="Mama Al" width="55" height="24" src="https://cdn.cimri.io/pictures/merchant-logos/12261.png?v=1" class="" loading="lazy"></div></div></div><div class="ZvRbD"><div class="pDjkg"><span class="BODMP s2nra"></span><div><div class="N9xux"><p class="tnwdh">2.588,90 TL</p><i class="cimri-icon-arrow-right-next x1t4S"></i></div><p class="qoWz6">172,59 TL / kg</p></div><div class="HyJ1h"><img alt="Petzzshop" width="55" height="24" src="https://cdn.cimri.io/pictures/merchant-logos/10719.png?v=1" class="" loading="lazy"></div></div></div><div class="ZvRbD"><div class="pDjkg"><span class="BODMP s2nra"></span><div><div class="N9xux"><p class="tnwdh">2.589,00 TL</p><i class="cimri-icon-arrow-right-next x1t4S"></i></div><p class="qoWz6">172,60 TL / kg</p></div><div class="S7sCc IXkai"><i class="cimri-icon-credit-card"></i><span>PEŞİN FİYATINA 3 TAKSİT</span></div><div class="HyJ1h"><img alt="Hepsiburada" width="55" height="24" src="https://cdn.cimri.io/pictures/merchant-logos/1497.png?v=1" class="" loading="lazy"></div></div></div></div></div></article><div id="adslot-body-728x90-1-7" class="v9kcb HLm74"></div><article class="dWBEz" data-size="medium"><a href="/kuru-kedi-mamasi/en-ucuz-pro-plan-vital-functions-adult-somonlu-3-kg-yetiskin-kedi-mamasi-fiyatlari,2254191234" title="Pro Plan Vital Functions Adult 3 kg Somonlu Kedi Maması" class="j9GVl ktYB1"><div class="xLZSN"><img srcset="https://cdn.cimri.io/image/148x148/pro-plan-vital-functions-adult-3-kg-somonlu-kedi-mamasi_832322228.jpg 1x, https://cdn.cimri.io/image/296x296/pro-plan-vital-functions-adult-3-kg-somonlu-kedi-mamasi_832322228.jpg 2x" alt="Pro Plan Vital Functions Adult 3 kg Somonlu Kedi Maması" width="148" height="148" src="https://cdn.cimri.io/image/148x148/pro-plan-vital-functions-adult-3-kg-somonlu-kedi-mamasi_832322228.jpg" class="p2aw_" loading="lazy"></div><div class="puF5U"><h3>Pro Plan Vital Functions Adult 3 kg Somonlu Kedi Maması</h3><div class="NVt_n"><button aria-label="fiyat alarmı butonu" class="nnPQT R_9ld EnWFQ YVKcB c3VSc"><i class="cimri-icon-bell"></i></button><button class="Mz1wq LDIzJ dqkWb" data-button="true">7 fiyatı incele</button></div></div></a><div class="Oh1xQ"><div class="CZthP"><div class="ZvRbD"><div class="pDjkg"><span class="BODMP s2nra j5AEN"></span><div><div class="N9xux"><p class="tnwdh">926,10 TL</p><i class="cimri-icon-arrow-right-next x1t4S"></i></div><p class="qoWz6">308,70 TL / kg</p></div><div class="HyJ1h"><img alt="Çiçeksepeti" width="55" height="24" src="https://cdn.cimri.io/pictures/merchant-logos/9807.png?v=1" class="" loading="lazy"></div></div></div><div class="ZvRbD"><div class="pDjkg"><span class="BODMP s2nra"></span><div><div class="N9xux"><p class="tnwdh">1.075,00 TL</p><i class="cimri-icon-arrow-right-next x1t4S"></i></div><p class="qoWz6">358,33 TL / kg</p></div><div class="HyJ1h"><img alt="PttAVM" width="55" height="24" src="https://cdn.cimri.io/pictures/merchant-logos/11512.png?v=1" class="" loading="lazy"></div></div></div><div class="ZvRbD"><div class="pDjkg"><span class="BODMP s2nra"></span><div><div class="N9xux"><p class="tnwdh">1.260,03 TL</p><i class="cimri-icon-arrow-right-next x1t4S"></i></div><p class="qoWz6">420,01 TL / kg</p></div><div class="HyJ1h"><img alt="idefix" width="55" height="24" src="https://cdn.cimri.io/pictures/merchant-logos/9968.png?v=1" class="" loading="lazy"></div></div></div></div></div></article><article class="dWBEz" data-size="small"><a href="/konserve-yas-kedi-mamasi/en-ucuz-whiskas-12x85-gr-junior-pouch-kumes-hayvanli-yavru-kedi-yas-mamasi-fiyatlari,2213037373" title="Whiskas 12x85 gr Junior Pouch Kümes Hayvanlı Yavru Kedi Yaş Maması" class="j9GVl ktYB1"><div class="xLZSN"><img srcset="https://cdn.cimri.io/image/148x148/whiskas-12x85-gr-junior-pouch-kumes-hayvanli-yavru-kedi-yas-mamasi_761462849.jpg 1x, https://cdn.cimri.io/image/296x296/whiskas-12x85-gr-junior-pouch-kumes-hayvanli-yavru-kedi-yas-mamasi_761462849.jpg 2x" alt="Whiskas 12x85 gr Junior Pouch Kümes Hayvanlı Yavru Kedi Yaş Maması" width="148" height="148" src="https://cdn.cimri.io/image/148x148/whiskas-12x85-gr-junior-pouch-kumes-hayvanli-yavru-kedi-yas-mamasi_761462849.jpg" class="p2aw_" loading="lazy"></div><div class="puF5U"><h3>Whiskas 12x85 gr Junior Pouch Kümes Hayvanlı Yavru Kedi Yaş Maması</h3><div class="NVt_n"><button aria-label="fiyat alarmı butonu" class="nnPQT R_9ld EnWFQ YVKcB c3VSc"><i class="cimri-icon-bell"></i></button><button class="Mz1wq LDIzJ dqkWb" data-button="true">6 fiyatı incele</button></div></div></a><div class="Oh1xQ"><div class="CZthP"><div class="ZvRbD"><div class="pDjkg"><span class="BODMP s2nra j5AEN"></span><div><div class="N9xux"><p class="tnwdh">319,15 TL</p><i class="cimri-icon-arrow-right-next x1t4S"></i></div></div><div class="HyJ1h"><img alt="n11" width="55" height="24" src="https://cdn.cimri.io/pictures/merchant-logos/7000.png?v=1" class="" loading="lazy"></div></div></div><div class="ZvRbD"><div class="pDjkg"><span class="BODMP s2nra"></span><div><div class="N9xux"><p class="tnwdh">320,31 TL</p><i class="cimri-icon-arrow-right-next x1t4S"></i></div></div><div class="HyJ1h"><img alt="idefix" width="55" height="24" src="https://cdn.cimri.io/pictures/merchant-logos/9968.png?v=1" class="" loading="lazy"></div></div></div><div class="ZvRbD"><div class="pDjkg"><span class="BODMP s2nra"></span><div><div class="N9xux"><p class="tnwdh">336,50 TL</p><i class="cimri-icon-arrow-right-next x1t4S"></i></div></div><div class="HyJ1h"><img alt="Kolay Mama" width="55" height="24" src="https://cdn.cimri.io/pictures/merchant-logos/2156.png?v=1" class="" loading="lazy"></div></div></div></div></div></article><article class="dWBEz" data-size="xxxlarge"><a href="/kuru-kedi-mamasi/en-ucuz-nd-tropical-selection-dusuk-tahilli-tavuklu-ve-tropikal-meyveli-10-kg-kisirlastirilmis-kedi-mamasi-fiyatlari,2250299651" title="N&amp;D Tropical Selection üşük Tahıllı Tavuklu ve Tropikal Meyveli 10 kg Kısırlaştırılmış Kedi Maması" class="j9GVl ktYB1"><div class="xLZSN"><img srcset="https://cdn.cimri.io/image/148x148/nd-tropical-selection-usuk-tahilli-tavuklu-ve-tropikal-meyveli-10-kg-kisirlastirilmis-kedi-mamasi_842949150.jpg 1x, https://cdn.cimri.io/image/296x296/nd-tropical-selection-usuk-tahilli-tavuklu-ve-tropikal-meyveli-10-kg-kisirlastirilmis-kedi-mamasi_842949150.jpg 2x" alt="N&amp;D Tropical Selection üşük Tahıllı Tavuklu ve Tropikal Meyveli 10 kg Kısırlaştırılmış Kedi Maması" width="148" height="148" src="https://cdn.cimri.io/image/148x148/nd-tropical-selection-usuk-tahilli-tavuklu-ve-tropikal-meyveli-10-kg-kisirlastirilmis-kedi-mamasi_842949150.jpg" class="p2aw_" loading="lazy"></div><div class="puF5U"><h3>N&amp;D Tropical Selection üşük Tahıllı Tavuklu ve Tropikal Meyveli 10 kg Kısırlaştırılmış Kedi Maması</h3><div class="NVt_n"><button aria-label="fiyat alarmı butonu" class="nnPQT R_9ld EnWFQ YVKcB c3VSc"><i class="cimri-icon-bell"></i></button><button class="Mz1wq LDIzJ dqkWb" data-button="true">12 fiyatı incele</button></div></div></a><div class="Oh1xQ"><div class="CZthP"><div class="ZvRbD"><div class="pDjkg"><span class="BODMP s2nra j5AEN"></span><div><div class="N9xux"><p class="tnwdh">3.564,90 TL</p><i class="cimri-icon-arrow-right-next x1t4S"></i></div><p class="qoWz6">356,49 TL / kg</p></div><div class="HyJ1h"><img alt="Petzzshop" width="55" height="24" src="https://cdn.cimri.io/pictures/merchant-logos/10719.png?v=1" class="" loading="lazy"></div></div></div><div class="ZvRbD"><div class="pDjkg"><span class="BODMP s2nra"></span><div><div class="N9xux"><p class="tnwdh">3.565,00 TL</p><i class="cimri-icon-arrow-right-next x1t4S"></i></div><p class="qoWz6">356,50 TL / kg</p></div><div class="S7sCc IXkai"><i class="cimri-icon-credit-card"></i><span>PEŞİN FİYATINA 3 TAKSİT</span></div><div class="HyJ1h"><img alt="Hepsiburada" width="55" height="24" src="https://cdn.cimri.io/pictures/merchant-logos/1497.png?v=1" class="" loading="lazy"></div></div></div><div class="ZvRbD"><div class="pDjkg"><span class="BODMP s2nra"></span><div><div class="N9xux"><p class="tnwdh">3.682,62 TL</p><i class="cimri-icon-arrow-right-next x1t4S"></i></div><span class="fvt5M">3.782,62 TL</span><p class="qoWz6">368,26 TL / kg</p></div><div class="S7sCc j8hvM"><i class="cimri-icon-sale-discount-promotion"></i><span>Sepette 100 TL: 100CİMRİ</span></div><div class="HyJ1h"><img alt="PttAVM" width="55" height="24" src="https://cdn.cimri.io/pictures/merchant-logos/11512.png?v=1" class="" loading="lazy"></div></div></div></div></div></article><article class="dWBEz" data-size="xxxlarge"><a href="/kuru-kedi-mamasi/en-ucuz-molly-15-kg-sterilised-hypoallergenic-dusuk-tahilli-somonlu-kisirlastirilmis-yetiskin-kedi-mamasi-fiyatlari,2088816025" title="Molly 15 kg Sterilised Hypoallergenic Düşük Tahıllı Somonlu Kısırlaştırılmış Yetişkin Kedi Maması" class="j9GVl ktYB1"><div class="xLZSN"><div class="dAeQu EG7vw"><i class="cimri-icon-arrow-up-right-open-link"></i><span class="DWR_r">%3</span></div><img srcset="https://cdn.cimri.io/image/148x148/molly-15-kg-sterilised-hypoallergenic-dusuk-tahilli-somonlu-kisirlastirilmis-yetiskin-kedi-mamasi_635360401.jpg 1x, https://cdn.cimri.io/image/296x296/molly-15-kg-sterilised-hypoallergenic-dusuk-tahilli-somonlu-kisirlastirilmis-yetiskin-kedi-mamasi_635360401.jpg 2x" alt="Molly 15 kg Sterilised Hypoallergenic Düşük Tahıllı Somonlu Kısırlaştırılmış Yetişkin Kedi Maması" width="148" height="148" src="https://cdn.cimri.io/image/148x148/molly-15-kg-sterilised-hypoallergenic-dusuk-tahilli-somonlu-kisirlastirilmis-yetiskin-kedi-mamasi_635360401.jpg" class="p2aw_" loading="lazy"></div><div class="puF5U"><h3>Molly 15 kg Sterilised Hypoallergenic Düşük Tahıllı Somonlu Kısırlaştırılmış Yetişkin Kedi Maması</h3><div class="NVt_n"><button aria-label="fiyat alarmı butonu" class="nnPQT R_9ld EnWFQ YVKcB c3VSc"><i class="cimri-icon-bell"></i></button><button class="Mz1wq LDIzJ dqkWb" data-button="true">4 fiyatı incele</button></div></div></a><div class="Oh1xQ"><div class="CZthP"><div class="ZvRbD"><div class="pDjkg"><span class="BODMP s2nra j5AEN"></span><div><div class="N9xux"><p class="tnwdh">2.599,00 TL</p><i class="cimri-icon-arrow-right-next x1t4S"></i></div><p class="qoWz6">173,27 TL / kg</p></div><div class="HyJ1h"><img alt="idefix" width="55" height="24" src="https://cdn.cimri.io/pictures/merchant-logos/9968.png?v=1" class="" loading="lazy"></div></div></div><div class="ZvRbD"><div class="pDjkg"><span class="BODMP s2nra"></span><div><div class="N9xux"><p class="tnwdh">4.287,50 TL</p><i class="cimri-icon-arrow-right-next x1t4S"></i></div><span class="fvt5M">4.500,44 TL</span><p class="qoWz6">285,83 TL / kg</p></div><div class="S7sCc j8hvM"><i class="cimri-icon-sale-discount-promotion"></i><span>Sepette 100 TL: 100CİMRİ</span></div><div class="HyJ1h"><img alt="PttAVM" width="55" height="24" src="https://cdn.cimri.io/pictures/merchant-logos/11512.png?v=1" class="" loading="lazy"></div></div></div></div></div></article><div id="adslot-body-728x90-1-8" class="v9kcb HLm74"></div></div><div><div data-page="2" class="_awDf"><img alt="ürün yükleniyor" width="928" height="180" src="https://cdn.cimri.io/web-images/placeholder/yatay-urun-yukleniyor.png" class="w8SZ1" loading="lazy"><img alt="ürün yükleniyor" width="928" height="180" src="https://cdn.cimri.io/web-images/placeholder/yatay-urun-yukleniyor.png" class="w8SZ1" loading="lazy"><img alt="ürün yükleniyor" width="928" height="180" src="https://cdn.cimri.io/web-images/placeholder/yatay-urun-yukleniyor.png" class="w8SZ1" loading="lazy"><img alt="ürün yükleniyor" width="928" height="180" src="https://cdn.cimri.io/web-images/placeholder/yatay-urun-yukleniyor.png" class="w8SZ1" loading="lazy"><div id="adslot-body-728x90-2-1" class="v9kcb HLm74"></div><img alt="ürün yükleniyor" width="928" height="180" src="https://cdn.cimri.io/web-images/placeholder/yatay-urun-yukleniyor.png" class="w8SZ1" loading="lazy"><img alt="ürün yükleniyor" width="928" height="180" src="https://cdn.cimri.io/web-images/placeholder/yatay-urun-yukleniyor.png" class="w8SZ1" loading="lazy"><img alt="ürün yükleniyor" width="928" height="180" src="https://cdn.cimri.io/web-images/placeholder/yatay-urun-yukleniyor.png" class="w8SZ1" loading="lazy"><img alt="ürün yükleniyor" width="928" height="180" src="https://cdn.cimri.io/web-images/placeholder/yatay-urun-yukleniyor.png" class="w8SZ1" loading="lazy"><div id="adslot-body-728x90-2-2" class="v9kcb HLm74"></div><img alt="ürün yükleniyor" width="928" height="180" src="https://cdn.cimri.io/web-images/placeholder/yatay-urun-yukleniyor.png" class="w8SZ1" loading="lazy"><img alt="ürün yükleniyor" width="928" height="180" src="https://cdn.cimri.io/web-images/placeholder/yatay-urun-yukleniyor.png" class="w8SZ1" loading="lazy"><img alt="ürün yükleniyor" width="928" height="180" src="https://cdn.cimri.io/web-images/placeholder/yatay-urun-yukleniyor.png" class="w8SZ1" loading="lazy"><img alt="ürün yükleniyor" width="928" height="180" src="https://cdn.cimri.io/web-images/placeholder/yatay-urun-yukleniyor.png" class="w8SZ1" loading="lazy"><div id="adslot-body-728x90-2-3" class="v9kcb HLm74"></div><img alt="ürün yükleniyor" width="928" height="180" src="https://cdn.cimri.io/web-images/placeholder/yatay-urun-yukleniyor.png" class="w8SZ1" loading="lazy"><img alt="ürün yükleniyor" width="928" height="180" src="https://cdn.cimri.io/web-images/placeholder/yatay-urun-yukleniyor.png" class="w8SZ1" loading="lazy"><img alt="ürün yükleniyor" width="928" height="180" src="https://cdn.cimri.io/web-images/placeholder/yatay-urun-yukleniyor.png" class="w8SZ1" loading="lazy"><img alt="ürün yükleniyor" width="928" height="180" src="https://cdn.cimri.io/web-images/placeholder/yatay-urun-yukleniyor.png" class="w8SZ1" loading="lazy"><div id="adslot-body-728x90-2-4" class="v9kcb HLm74"></div><img alt="ürün yükleniyor" width="928" height="180" src="https://cdn.cimri.io/web-images/placeholder/yatay-urun-yukleniyor.png" class="w8SZ1" loading="lazy"><img alt="ürün yükleniyor" width="928" height="180" src="https://cdn.cimri.io/web-images/placeholder/yatay-urun-yukleniyor.png" class="w8SZ1" loading="lazy"><img alt="ürün yükleniyor" width="928" height="180" src="https://cdn.cimri.io/web-images/placeholder/yatay-urun-yukleniyor.png" class="w8SZ1" loading="lazy"><img alt="ürün yükleniyor" width="928" height="180" src="https://cdn.cimri.io/web-images/placeholder/yatay-urun-yukleniyor.png" class="w8SZ1" loading="lazy"><div id="adslot-body-728x90-2-5" class="v9kcb HLm74"></div><img alt="ürün yükleniyor" width="928" height="180" src="https://cdn.cimri.io/web-images/placeholder/yatay-urun-yukleniyor.png" class="w8SZ1" loading="lazy"><img alt="ürün yükleniyor" width="928" height="180" src="https://cdn.cimri.io/web-images/placeholder/yatay-urun-yukleniyor.png" class="w8SZ1" loading="lazy"><img alt="ürün yükleniyor" width="928" height="180" src="https://cdn.cimri.io/web-images/placeholder/yatay-urun-yukleniyor.png" class="w8SZ1" loading="lazy"><img alt="ürün yükleniyor" width="928" height="180" src="https://cdn.cimri.io/web-images/placeholder/yatay-urun-yukleniyor.png" class="w8SZ1" loading="lazy"><div id="adslot-body-728x90-2-6" class="v9kcb HLm74"></div><img alt="ürün yükleniyor" width="928" height="180" src="https://cdn.cimri.io/web-images/placeholder/yatay-urun-yukleniyor.png" class="w8SZ1" loading="lazy"><img alt="ürün yükleniyor" width="928" height="180" src="https://cdn.cimri.io/web-images/placeholder/yatay-urun-yukleniyor.png" class="w8SZ1" loading="lazy"><img alt="ürün yükleniyor" width="928" height="180" src="https://cdn.cimri.io/web-images/placeholder/yatay-urun-yukleniyor.png" class="w8SZ1" loading="lazy"><img alt="ürün yükleniyor" width="928" height="180" src="https://cdn.cimri.io/web-images/placeholder/yatay-urun-yukleniyor.png" class="w8SZ1" loading="lazy"><div id="adslot-body-728x90-2-7" class="v9kcb HLm74"></div><img alt="ürün yükleniyor" width="928" height="180" src="https://cdn.cimri.io/web-images/placeholder/yatay-urun-yukleniyor.png" class="w8SZ1" loading="lazy"><img alt="ürün yükleniyor" width="928" height="180" src="https://cdn.cimri.io/web-images/placeholder/yatay-urun-yukleniyor.png" class="w8SZ1" loading="lazy"><img alt="ürün yükleniyor" width="928" height="180" src="https://cdn.cimri.io/web-images/placeholder/yatay-urun-yukleniyor.png" class="w8SZ1" loading="lazy"><img alt="ürün yükleniyor" width="928" height="180" src="https://cdn.cimri.io/web-images/placeholder/yatay-urun-yukleniyor.png" class="w8SZ1" loading="lazy"><div id="adslot-body-728x90-2-8" class="v9kcb HLm74"></div></div></div></div><a href="/arama?page=2&amp;q=kedi+mamasi" title="&quot;kedi mamasi&quot; Araması İçin Ürün Sonuçları - Cimri.com Sayfa= 2" class="n3eSW alL57 LIAkw">Daha Fazla Ürün Göster<div class="ajN94"><i class="cimri-icon-arrow-right-next"></i></div></a></div></div></octopus-island></div><div class="Zn4PO" style="margin-top:32px"></div><section style="margin:12px 0 4px"></section><octopus-island component="faq" hydration="lazyinview"></octopus-island><octopus-island component="searchEvents" hydration="domcontentloaded"></octopus-island></div><div class="bxikN"><div class="aPTv_">Türkiye'nin en kapsamlı ürün fiyatı ve mağaza karşılaştırma sitesinde milyonlarca kişiye ulaşın!</div><a class="Mz1wq Rl9Tw lHMnV cU1w2" href="/magaza-kayit"><span>Mağazanızı Cimri'ye Taşıyın</span><i class="cimri-icon-arrow-right"></i></a></div></main><style>@keyframes I52cM{50%{transform:translate(-50%, 0)}}.xriMg{display:flex;align-items:center;justify-content:center;flex-direction:column;background-color:#28323f;color:#ccd0d4;width:100%}.tObih{border-bottom:1px solid #364354;display:flex;flex-wrap:wrap;max-width:1196px;margin:0 24px;padding-top:48px}@media(min-width: 1200px){.tObih{margin:0;padding:40px 0 0 0;max-width:1196px}}.tObih ul{padding:0;margin:0;list-style-type:none;flex-basis:25%;margin-bottom:36px}@media(min-width: 1200px){.tObih ul{flex-basis:20%;margin-bottom:36px}}.tObih ul li:first-child{padding:0;font-size:16px;font-weight:500;color:#ccd0d4;margin-bottom:12px;letter-spacing:-0.02em;line-height:24px;max-width:210px}@media(min-width: 1200px){.tObih ul li:first-child{width:200px}}.tObih ul li{padding:4px 0}.tObih ul li a{font-size:12px;font-weight:400;color:#9aa1a9;-webkit-text-decoration:none;text-decoration:none;line-height:16px}.tObih ul li a:hover{color:#ebecee}.UwzcS{width:1196px;padding:40px 0;display:flex;justify-content:space-between}@media(max-width: 1199px){.UwzcS{width:100%}}.ANlh8{margin:0 24px}@media(min-width: 1200px){.ANlh8{margin:0;width:476px}}.vI5BA{display:flex;flex-direction:column;justify-content:space-between}.zEnEW{width:124px;height:40px;margin-bottom:38px}.iTGFN .SuEPA{font-size:16px;font-weight:500;line-height:24px;letter-spacing:-0.02em}.iTGFN .NPYS9{display:flex;margin-top:16px;flex-wrap:wrap}.iTGFN .NPYS9 .Y5d_a{margin-right:8px;background-color:#364354;color:#9aa1a9}.iTGFN .NPYS9 .Y5d_a:hover{background-color:#9aa1a9;color:#364354}.iTGFN .NPYS9 .Y5d_a:last-child{margin-right:0;margin-bottom:0}@media(max-width: 1199px){.iTGFN .NPYS9 .Y5d_a{margin-right:16px}.iTGFN .NPYS9 .Y5d_a:last-child{margin-right:0;margin-bottom:0}}.x_MRg{width:100%;padding-bottom:40px}@media(min-width: 1200px){.x_MRg{width:1196px}}.x_MRg .h26Mq{font-size:12px;font-weight:400;line-height:16px;color:#9aa1a9;border-top:1px solid #364354;margin:0 24px;padding-top:40px}.x_MRg .h26Mq br:first-child{display:none}.x_MRg .h26Mq br:nth-child(4){display:none}.x_MRg .h26Mq a{color:inherit}@media(min-width: 1200px){.x_MRg .h26Mq{margin:0}}.IgyWU{background-color:#0d1015;width:100%;display:flex;justify-content:center;font-size:12px;font-weight:400;color:#9aa1a9}.jO4on{display:flex;justify-content:space-between;margin:24px}@media(max-width: 1199px){.jO4on{flex-direction:column;width:100%}}@media(min-width: 1200px){.jO4on{margin:10px 0;width:1196px}}._6ZtR{display:flex;align-items:center}._6ZtR a{display:flex}.Czjno{display:flex;align-items:center}.Czjno .i4TpD{display:flex;justify-content:flex-end;align-items:center}.Czjno .vnybw{padding:0;margin:0;list-style-type:none;display:flex;flex-flow:row wrap}.Czjno .J1wEI{cursor:pointer;line-height:2.15;text-align:left;margin-right:10px}.Czjno .J1wEI a{font-size:12px;font-weight:400;color:#9aa1a9;-webkit-text-decoration:none;text-decoration:none}.Czjno .J1wEI a:hover{color:#ebecee}</style><footer class="xriMg"><div class="tObih"><ul><li>Popüler Beyaz Eşya</li><li><a href="/camasir-makineleri/en-ucuz-arcelik-camasir-makineleri-fiyatlari" title="Arçelik Çamaşır Makinesi">Arçelik Çamaşır Makinesi</a></li><li><a href="/bulasik-makineleri/en-ucuz-siemens-bulasik-makineleri-fiyatlari" title="Siemens Bulaşık Makinesi ">Siemens Bulaşık Makinesi </a></li><li><a href="/camasir-kurutma-makineleri/en-ucuz-bosch-camasir-kurutma-makineleri-fiyatlari" title="Bosch Kurutma Makinesi">Bosch Kurutma Makinesi</a></li><li><a href="/camasir-makineleri/en-ucuz-samsung-camasir-makineleri-fiyatlari" title="Samsung Çamaşır Makinesi">Samsung Çamaşır Makinesi</a></li><li><a href="/buzdolaplari/en-ucuz-arcelik-buzdolaplari-fiyatlari" title="Arçelik Buzdolabı">Arçelik Buzdolabı</a></li><li><a href="/bulasik-makineleri/en-ucuz-altus-bulasik-makineleri-fiyatlari" title="Altus Bulaşık Makinesi">Altus Bulaşık Makinesi</a></li><li><a href="/ankastre-setler/en-ucuz-siemens-ankastre-setler-fiyatlari" title="Siemens Ankastre Set">Siemens Ankastre Set</a></li><li><a href="/bulasik-makineleri/en-ucuz-bosch-bulasik-makineleri-fiyatlari" title="Bosch Bulaşık Makinesi">Bosch Bulaşık Makinesi</a></li><li><a href="/su-sebilleri/en-ucuz-dijitsu-su-sebilleri-fiyatlari" title="Dijitsu Su Sebili">Dijitsu Su Sebili</a></li><li><a href="/buzdolaplari/en-ucuz-samsung-buzdolaplari-fiyatlari" title="Samsung Buzdolabı">Samsung Buzdolabı</a></li><li><a href="/camasir-kurutma-makineleri/en-ucuz-grundig-camasir-kurutma-makineleri-fiyatlari" title="Grundig Kurutma Makinesi">Grundig Kurutma Makinesi</a></li><li><a href="/firinlar/en-ucuz-arcelik-firinlar-fiyatlari" title="Arçelik Fırın">Arçelik Fırın</a></li><li><a href="/mikrodalga-firinlar/en-ucuz-samsung-mikrodalga-firinlar-fiyatlari" title="Samsung Mikrodalga">Samsung Mikrodalga</a></li><li><a href="/camasir-kurutma-makineleri/en-ucuz-altus-camasir-kurutma-makineleri-fiyatlari" title="Altus Kurutma Makinesi">Altus Kurutma Makinesi</a></li><li><a href="/camasir-makineleri/en-ucuz-profilo-camasir-makineleri-fiyatlari" title="Profilo Çamaşır Makinesi">Profilo Çamaşır Makinesi</a></li></ul><ul><li>Popüler Elektrikli Mutfak Aletleri</li><li><a href="/kahve-makineleri/en-ucuz-arcelik-kahve-makineleri-fiyatlari" title="Arçelik Kahve Makinesi">Arçelik Kahve Makinesi</a></li><li><a href="/tost-makineleri/en-ucuz-korkmaz-tost-makineleri-fiyatlari" title="Korkmaz Tost Makinesi">Korkmaz Tost Makinesi</a></li><li><a href="/cay-makineleri/en-ucuz-karaca-cay-makineleri-fiyatlari" title="Karaca Çay Makinesi">Karaca Çay Makinesi</a></li><li><a href="/kahve-makineleri/en-ucuz-philips-kahve-makineleri-fiyatlari" title="Philips Kahve Makinesi">Philips Kahve Makinesi</a></li><li><a href="/fritozler/en-ucuz-xiaomi-fritozler-fiyatlari" title="Xiaomi Airfryer">Xiaomi Airfryer</a></li><li><a href="/blenderler/en-ucuz-fakir-blenderler-fiyatlari" title="Fakir Blender">Fakir Blender</a></li><li><a href="/kahve-makineleri/en-ucuz-nespresso-kahve-makineleri-fiyatlari" title="Nespresso Kahve Makinesi">Nespresso Kahve Makinesi</a></li><li><a href="/meyve-sikacaklari/en-ucuz-arcelik-meyve-sikacaklari-fiyatlari" title="Arçelik Katı Meyve Sıkacağı">Arçelik Katı Meyve Sıkacağı</a></li><li><a href="/su-isiticilari-kettle/en-ucuz-smeg-su-isiticilari-kettle-fiyatlari" title="SMEG Kettle">SMEG Kettle</a></li><li><a href="/semaver/en-ucuz-arcelik-semaver-fiyatlari" title="Arçelik Semaver">Arçelik Semaver</a></li><li><a href="/cay-makineleri/en-ucuz-arzum-cay-makineleri-fiyatlari" title="Arzum Çay Makinesi">Arzum Çay Makinesi</a></li><li><a href="/kahve-makineleri/en-ucuz-karaca-kahve-makineleri-fiyatlari" title="Karaca Kahve Makinesi">Karaca Kahve Makinesi</a></li><li><a href="/tiras-makineleri/en-ucuz-philips-qp272410-oneblade-tiras-makinesi-fiyatlari,2194927965" title="Philips OneBlade">Philips OneBlade</a></li><li><a href="/erkek-parfumleri/en-ucuz-dior-sauvage-parfum-edp-100-ml-erkek-parfum-fiyatlari,377229224" title="Dior Sauvage">Dior Sauvage</a></li><li><a href="/dis-fircalari/en-ucuz-oral-b-aquacare-4-sarjli-agiz-dusu-dis-fircasi-fiyatlari,513960350" title="Oral-B Aquacare 4">Oral-B Aquacare 4</a></li></ul><ul><li>Popüler Cep Telefonları</li><li><a href="/cep-telefonlari/en-ucuz-apple-cep-telefonlari-fiyatlari" title="iPhone Cep Telefonları">iPhone Cep Telefonları</a></li><li><a href="/cep-telefonlari/en-ucuz-samsung-cep-telefonlari-fiyatlari" title="Samsung Cep Telefonları">Samsung Cep Telefonları</a></li><li><a href="/cep-telefonlari/en-ucuz-xiaomi-cep-telefonlari-fiyatlari" title="Xiaomi Cep Telefonları">Xiaomi Cep Telefonları</a></li><li><a href="/cep-telefonlari/en-ucuz-xiaomi-redmi-note-14-pro-fiyatlari,a2372365369" title="Xiaomi Note 14 Pro">Xiaomi Note 14 Pro</a></li><li><a href="/cep-telefonlari/en-ucuz-tecno-spark-10-pro-256gb-8gb-ram-6-8-inc-50mp-akilli-cep-telefonu-siyah-fiyatlari,2171470434" title="Tecno Spark 10 Pro">Tecno Spark 10 Pro</a></li><li><a href="/cep-telefonlari/en-ucuz-apple-iphone-16-pro-max-5g-256gb-fiyatlari,a2314863848" title="iPhone 16 Pro Max">iPhone 16 Pro Max</a></li><li><a href="/cep-telefonlari/en-ucuz-samsung-galaxy-s24-fe-256gb-8gb-ram-fiyatlari,a2394302660" title="Galaxy S24 FE">Galaxy S24 FE</a></li><li><a href="/cep-telefonlari/en-ucuz-huawei-pura-80-fiyatlari,a2424710806" title="Huawei Pura 80 Pro">Huawei Pura 80 Pro</a></li><li><a href="/cep-telefonlari/en-ucuz-apple-iphone-15-5g-128gb-akilli-cep-telefonu-fiyatlari,a2231112273" title="iPhone 15">iPhone 15</a></li><li><a href="/cep-telefonlari/en-ucuz-samsung-galaxy-s25-fiyatlari,a2372354981" title="Galaxy S25">Galaxy S25</a></li><li><a href="/cep-telefonlari/en-ucuz-xiaomi-15t-pro-fiyatlari,a2503749362" title="Xiaomi 15T Pro">Xiaomi 15T Pro</a></li><li><a href="/cep-telefonlari/en-ucuz-samsung-galaxy-a26-fiyatlari,a2372356950" title="Galaxy A26">Galaxy A26</a></li><li><a href="/cep-telefonlari/en-ucuz-apple-iphone-air-256gb-fiyatlari,a2508713357" title="iPhone Air">iPhone Air</a></li><li><a href="/cep-telefonlari/en-ucuz-xiaomi-15t-fiyatlari,a2503747592" title="Xiaomi 15T">Xiaomi 15T</a></li><li><a href="/cep-telefonlari/en-ucuz-tecno-spark-slim-fiyatlari,a2440796380" title="Tecno Spark Slim">Tecno Spark Slim</a></li></ul><ul><li>Popüler Küçük Ev Aletleri</li><li><a href="/sarjli-supurgeler/en-ucuz-philips-sarjli-supurgeler-fiyatlari" title="Philips Şarjlı Süpürge">Philips Şarjlı Süpürge</a></li><li><a href="/elektrikli-supurgeler/en-ucuz-fantom-elektrikli-supurgeler-fiyatlari" title="Fantom Elektrikli Süpürge">Fantom Elektrikli Süpürge</a></li><li><a href="/robot-supurgeler/en-ucuz-roborock-robot-supurgeler-fiyatlari" title="Roborock Robot Süpürge">Roborock Robot Süpürge</a></li><li><a href="/utuler/en-ucuz-philips-utuler-fiyatlari" title="Philips Ütü">Philips Ütü</a></li><li><a href="/sarjli-supurgeler/en-ucuz-onvo-sarjli-supurgeler-fiyatlari" title="Onvo Şarjlı Süpürge">Onvo Şarjlı Süpürge</a></li><li><a href="/utuler/en-ucuz-tefal-utuler-fiyatlari" title="Tefal Ütü">Tefal Ütü</a></li><li><a href="/sarjli-supurgeler/en-ucuz-dyson-sarjli-supurgeler-fiyatlari" title="Dyson Şarjlı Süpürge">Dyson Şarjlı Süpürge</a></li><li><a href="/hali-yikama-makineleri/en-ucuz-kiwi-hali-yikama-makineleri-fiyatlari" title="Kiwi Halı Yıkama Makinesi">Kiwi Halı Yıkama Makinesi</a></li><li><a href="/robot-supurgeler/en-ucuz-xiaomi-robot-supurgeler-fiyatlari" title="Xiaomi Robot Süpürge">Xiaomi Robot Süpürge</a></li><li><a href="/hali-yikama-makineleri/en-ucuz-karcher-hali-yikama-makineleri-fiyatlari" title="Karcher Halı Yıkama Makinesi">Karcher Halı Yıkama Makinesi</a></li><li><a href="/utuler/en-ucuz-arcelik-utuler-fiyatlari" title="Arçelik Ütü">Arçelik Ütü</a></li><li><a href="/robot-supurgeler/en-ucuz-homend-robot-supurgeler-fiyatlari" title="Homend Robot Süpürge">Homend Robot Süpürge</a></li><li><a href="/elektrikli-supurgeler/en-ucuz-fakir-elektrikli-supurgeler-fiyatlari" title="Fakir Elektrikli Süpürge">Fakir Elektrikli Süpürge</a></li><li><a href="/hali-yikama-makineleri/en-ucuz-shark-hali-yikama-makineleri-fiyatlari" title="Shark Halı Yıkama Makinesi">Shark Halı Yıkama Makinesi</a></li><li><a href="/utuler/en-ucuz-kiwi-utuler-fiyatlari" title="Kiwi Ütü">Kiwi Ütü</a></li></ul><ul><li>Popüler Elektronik Ürünler</li><li><a href="/tablet-pc/en-ucuz-samsung-tablet-pc-fiyatlari" title="Samsung Tablet">Samsung Tablet</a></li><li><a href="/tablet-pc/en-ucuz-apple-tablet-pc-fiyatlari" title="iPad">iPad</a></li><li><a href="/televizyonlar/en-ucuz-lg-televizyonlar-fiyatlari" title="LG TV">LG TV</a></li><li><a href="/bluetooth-kulaklik/en-ucuz-jbl-bluetooth-kulaklik-fiyatlari" title="JBL Kulaklık">JBL Kulaklık</a></li><li><a href="/bluetooth-kulaklik/en-ucuz-apple-bluetooth-kulaklik-fiyatlari" title="Airpods">Airpods</a></li><li><a href="/oyun-bilgisayari/en-ucuz-monster-oyun-bilgisayari-fiyatlari" title="Monster Oyun Bilgisayarı">Monster Oyun Bilgisayarı</a></li><li><a href="/akilli-saat/en-ucuz-huawei-akilli-saat-fiyatlari" title="Huawei Akıllı Saat">Huawei Akıllı Saat</a></li><li><a href="/bluetooth-kulaklik/en-ucuz-marshall-bluetooth-kulaklik-fiyatlari" title="Marshall Kulaklık">Marshall Kulaklık</a></li><li><a href="/epilasyon-aletleri/en-ucuz-philips-epilasyon-aletleri-fiyatlari" title="Philips Epilasyon Aleti">Philips Epilasyon Aleti</a></li><li><a href="/televizyonlar/en-ucuz-tcl-televizyonlar-fiyatlari" title="TCL TV">TCL TV</a></li><li><a href="/tablet-pc/en-ucuz-huawei-tablet-pc-fiyatlari" title="Huawei Laptop">Huawei Laptop</a></li><li><a href="/dizustu-bilgisayar/en-ucuz-acer-dizustu-bilgisayar-fiyatlari" title="Acer Laptop">Acer Laptop</a></li><li><a href="/ekran-kartlari/en-ucuz-msi-ekran-kartlari-fiyatlari" title="MSI Ekran Kartı">MSI Ekran Kartı</a></li><li><a href="/ssd-solid-state-drive/en-ucuz-kingston-ssd-solid-state-drive-fiyatlari" title="Kingston SSD">Kingston SSD</a></li><li><a href="/drone/en-ucuz-dji-drone-fiyatlari" title="DJI Drone">DJI Drone</a></li></ul><ul><li>Popüler Kategoriler</li><li><a href="/cep-telefonlari" title="Cep Telefonu">Cep Telefonu</a></li><li><a href="/buzdolaplari" title="Buzdolabı">Buzdolabı</a></li><li><a href="/yemek-takimi" title="Yemek Takımı">Yemek Takımı</a></li><li><a href="/fritozler" title="Airfryer">Airfryer</a></li><li><a href="/vitamin-ve-mineral" title="Vitamin ve Mineral">Vitamin ve Mineral</a></li><li><a href="/mutfak-robotlari" title="Mutfak Robotu">Mutfak Robotu</a></li><li><a href="/parfumler" title="Parfüm">Parfüm</a></li><li><a href="/kahve-makineleri" title="Kahve Makinesi">Kahve Makinesi</a></li><li><a href="/nemlendiriciler" title="Nemlendirici">Nemlendirici</a></li><li><a href="/hava-temizleme-nemlendirme-cihazlari" title="Hava Temizleyici">Hava Temizleyici</a></li><li><a href="/bluetooth-kulaklik" title="Bluetooth Kulaklık">Bluetooth Kulaklık</a></li><li><a href="/televizyonlar" title="Televizyon">Televizyon</a></li><li><a href="/camasir-kurutma-makineleri" title="Çamaşır Kurutma Makinesi">Çamaşır Kurutma Makinesi</a></li><li><a href="/camasir-makineleri" title="Çamaşır Makinesi">Çamaşır Makinesi</a></li><li><a href="/tasinabilir-sarj-cihazi-powerbank" title="Powerbank">Powerbank</a></li></ul><ul><li>Popüler Aramalar</li><li><a href="/cep-telefonlari/en-ucuz-apple-iphone-17-fiyatlari,a2393572193" title="iPhone 17">iPhone 17</a></li><li><a href="/cep-telefonlari/en-ucuz-apple-iphone-17-pro-fiyatlari,a2393572198" title="iPhone 17 Pro">iPhone 17 Pro</a></li><li><a href="/cep-telefonlari/en-ucuz-apple-iphone-17-pro-max-fiyatlari,a2393572199" title="iPhone 17 Pro Max">iPhone 17 Pro Max</a></li><li><a href="/bluetooth-kulaklik/en-ucuz-apple-airpods-pro-bluetooth-kulaklik-fiyatlari,a2324037492" title="Airpods Pro">Airpods Pro</a></li><li><a href="/cep-telefonlari/en-ucuz-xiaomi-redmi-note-15-fiyatlari,a2501853883" title="Redmi Note 15">Redmi Note 15</a></li><li><a href="/cep-telefonlari/en-ucuz-xiaomi-redmi-note-15-pro-5g-256gb-8gb-ram-fiyatlari,a2547260035" title="Redmi Note 15 Pro">Redmi Note 15 Pro</a></li><li><a href="/oyun-bilgisayari" title="Oyun Bilgisayarı">Oyun Bilgisayarı</a></li><li><a href="/tencereler" title="Tencere">Tencere</a></li><li><a href="/kahve-makineleri/en-ucuz-karaca-hatir-perfetto-inox-espresso-ve-turk-kahve-makinesi-fiyatlari,2535469343" title="Karaca Hatır Perfetto">Karaca Hatır Perfetto</a></li><li><a href="/dizustu-bilgisayar/en-ucuz-apple-macbook-pro-mde44tua-m5-10cpu-10gpu-16gb-ram-512gb-ssd-macos-14-inc-gumus-laptop-notebook-fiyatlari,2519268503" title="Macbook Pro M5">Macbook Pro M5</a></li><li><a href="/tavalar" title="Tava">Tava</a></li><li><a href="/labubu" title="Labubu">Labubu</a></li><li><a href="/surahi" title="Sürahi">Sürahi</a></li><li><a href="/termos" title="Termos">Termos</a></li><li><a href="/oyun-konsollari/en-ucuz-sony-playstation-5-oyun-konsolu-fiyatlari,606889615" title="PS5">PS5</a></li></ul><ul><li>Broşürler</li><li><a href="/brosur/bim-com-tr" title="Bim Aktüel">Bim Aktüel</a></li><li><a href="/brosur/a101-com-tr" title="A101 Aktüel">A101 Aktüel</a></li><li><a href="/brosur/bicen-com-tr" title="Biçen Aktüel">Biçen Aktüel</a></li><li><a href="/brosur/happy-com-tr" title="Happy Center Katalog">Happy Center Katalog</a></li><li><a href="/brosur/migros-com-tr" title="Migros Katalog">Migros Katalog</a></li><li><a href="/brosur/grosper-com-tr" title="Grosper Aktüel">Grosper Aktüel</a></li><li><a href="/brosur/anpagross" title="Anpa Gross Katalog">Anpa Gross Katalog</a></li><li><a href="/brosur/carrefoursa" title="Carrefoursa Katalog">Carrefoursa Katalog</a></li><li><a href="/brosur/cagri" title="Çağrı Market Katalog">Çağrı Market Katalog</a></li><li><a href="/brosur/metro-tr" title="Metro Katalog">Metro Katalog</a></li><li><a href="/brosur/gratis" title="Gratis Broşür">Gratis Broşür</a></li><li><a href="/brosur/watsons-com-tr" title="Watsons Broşür">Watsons Broşür</a></li><li><a href="/brosur/rossmann-com-tr" title="Rossmann Broşür">Rossmann Broşür</a></li><li><a href="/brosur/elektronik" title="Elektronik Broşürleri">Elektronik Broşürleri</a></li><li><a href="/brosur/kozmetik" title="Kozmetik Broşürleri">Kozmetik Broşürleri</a></li></ul><ul><li>Mağazalar</li><li><a href="/hepsiburada" title="Hepsiburada">Hepsiburada</a></li><li><a href="/pttavm" title="PttAVM">PttAVM</a></li><li><a href="/pazarama" title="Pazarama">Pazarama</a></li><li><a href="/amazon-com-tr" title="Amazon">Amazon</a></li><li><a href="/teknosa" title="Teknosa">Teknosa</a></li><li><a href="/mediamarkt-com-tr" title="Mediamarkt">Mediamarkt</a></li><li><a href="/ciceksepeti" title="Çiçeksepeti">Çiçeksepeti</a></li><li><a href="/vatanbilgisayar" title="Vatan Bilgisayar">Vatan Bilgisayar</a></li><li><a href="/e-bebek" title="Ebebek">Ebebek</a></li><li><a href="/beymen" title="Beymen">Beymen</a></li><li><a href="/lcw" title="LCW">LCW</a></li><li><a href="/trendyol" title="Trendyol">Trendyol</a></li><li><a href="/lastikcim-com-tr" title="Lastikcim">Lastikcim</a></li><li><a href="/ikea-com-tr" title="IKEA">IKEA</a></li><li><a href="/vivense" title="Vivense">Vivense</a></li></ul><ul><li>Kurumsal</li><li><a href="/cimri-hakkinda" title="Hakkımızda">Hakkımızda</a></li><li><a href="/sikca-sorulan-sorular" title="Sıkça Sorulan Sorular">Sıkça Sorulan Sorular</a></li><li><a href="/gizlilik-politikasi" title="Gizlilik Politikası">Gizlilik Politikası</a></li><li><a href="/kullanim-kosullari" title="Kullanım Koşulları">Kullanım Koşulları</a></li><li><a href="/kisisel-verilerin-korunmasi-hakkinda-bilgilendirme" title="Kişisel Verilerin Korunması">Kişisel Verilerin Korunması</a></li><li><a href="/bize-ulasin" title="Reklam Verin">Reklam Verin</a></li><li><a href="/bize-ulasin" title="Bize Ulaşın">Bize Ulaşın</a></li><li><a href="/kullanici-sozlesmesi" title="Kullanıcı Sözleşmesi">Kullanıcı Sözleşmesi</a></li><li><a href="/magaza-kayit" title="Mağazanızı Cimri'ye Taşıyın">Mağazanızı Cimri'ye Taşıyın</a></li><li><a href="https://panel.cimri.com/login" title="Mağaza Girişi →">Mağaza Girişi →</a></li></ul></div><div class="UwzcS"><div class="ANlh8"><div class="vI5BA"><div class="zEnEW"><img width="130" height="43" alt="cimri-footer-logo" src="https://cdn.cimri.io/web-images/desktop_cimri_white.png" class="" loading="lazy"></div><div class="iTGFN"><div class="SuEPA">Bizi Takip Edin</div><div class="NPYS9"><a aria-label="Facebook Sayfamız" title="Facebook" href="https://www.facebook.com/cimri" rel="nofollow noopener noreferrer" target="_blank" class="u0OCd wP06Y EnWFQ nflKW Y5d_a ktYB1"><i class="cimri-icon-facebook"></i></a><a aria-label="Twitter Sayfamız" title="Twitter" href="https://twitter.com/cimri" rel="nofollow noopener noreferrer" target="_blank" class="u0OCd wP06Y EnWFQ nflKW Y5d_a ktYB1"><i class="cimri-icon-twitter"></i></a><a aria-label="LinkedIn Sayfamız" title="LinkedIn" href="https://tr.linkedin.com/company/cimri" rel="nofollow noopener noreferrer" target="_blank" class="u0OCd wP06Y EnWFQ nflKW Y5d_a ktYB1"><i class="cimri-icon-linkedin"></i></a><a aria-label="Instagram Sayfamız" title="Instagram" href="https://www.instagram.com/cimricom/" rel="nofollow noopener noreferrer" target="_blank" class="u0OCd wP06Y EnWFQ nflKW Y5d_a ktYB1"><i class="cimri-icon-instagram"></i></a><a aria-label="YouTube Sayfamız" title="YouTube" href="https://www.youtube.com/channel/UCWC3dSml6AYk40tuKQqg7BA" rel="nofollow noopener noreferrer" target="_blank" class="u0OCd wP06Y EnWFQ nflKW Y5d_a ktYB1"><i class="cimri-icon-youtube"></i></a></div></div></div></div><div class="lz_rU"><div class="wI9_e">Mobil Uygulamayı İndirin</div><div class="Yd4kS"><div class="UZhA4"><a href="https://apps.apple.com/app/apple-store/id1413085320?pt=119144653&amp;ct=web-redirect&amp;mt=8" target="_blank" rel="nofollow noopener noreferrer" aria-label="Download on App Store" class="ktYB1"><img width="152" height="40" alt="appStore" src="https://cdn.cimri.io/web-images/app-stores/appStoreLogo.png" class="" loading="lazy"></a><div class=""><img width="64" height="64" alt="appStore" src="https://cdn.cimri.io/web-images/app-stores/appStoreQR.png" class="" loading="lazy"></div></div><div class="UZhA4"><a href="https://play.google.com/store/apps/details?id=com.cimrimobilevoyager&amp;referrer=utm_source%3Dcimri.com%26utm_medium%3Dweb%26utm_campaign%3Dweb-redirect" target="_blank" rel="nofollow noopener noreferrer" aria-label="Download on Google Play" class="ktYB1"><img width="135" height="40" alt="googlePlay" src="https://cdn.cimri.io/web-images/app-stores/googlePlayLogo.png" class="" loading="lazy"></a><div class=""><img width="64" height="64" alt="googlePlay" src="https://cdn.cimri.io/web-images/app-stores/googlePlayQR.png" class="" loading="lazy"></div></div><div class="UZhA4"><a href="https://appgallery.cloud.huawei.com/ag/n/app/C100962041?locale=tr_TR&amp;source=appshare&amp;subsource=C100962041" target="_blank" rel="nofollow noopener noreferrer" aria-label="Download on AppGallery" class="ktYB1"><img width="134" height="40" alt="appGallery" src="https://cdn.cimri.io/web-images/app-stores/appGalleryLogo.png" class="" loading="lazy"></a><div class=""><img width="64" height="64" alt="appGallery" src="https://cdn.cimri.io/web-images/app-stores/appGalleryQR.png" class="" loading="lazy"></div></div></div></div></div><div class="x_MRg"><div class="h26Mq">Copyright © 2007 – 2026 Cimri A.Ş. Cimri markası ve logosu, Cimri A.Ş.'nin tescilli markasıdır. Tüm hakları saklıdır. Bu siteyi ziyaret edenler <a style="text-decoration: underline" href="https://www.cimri.com/kullanici-sozlesmesi" rel="nofollow">Kullanıcı Sözleşmesini</a> okumuş ve kabul etmiş sayılırlar.</div></div><div class="IgyWU"><div class="jO4on"><div class="_6ZtR">Cimri bir<a href="https://www.ilab.com.tr/" target="_blank" rel="nofollow noopener noreferrer" aria-label="ilab logo"><img width="56.48" height="40" alt="iLab" src="https://cdn.cimri.io/web-images/ilab_beyaz.png" class="" loading="lazy"></a>grup şirketidir.</div><div class="Czjno"><div class="i4TpD"><ul class="vnybw"><li class="J1wEI"><a href="https://www.kariyer.net" rel="nofollow noopener noreferrer" target="_blank">Kariyer.net</a></li><li class="J1wEI"><a href="https://www.sigortam.net" rel="nofollow noopener noreferrer" target="_blank">Sigortam.net</a></li><li class="J1wEI"><a href="https://www.arabam.com" rel="nofollow noopener noreferrer" target="_blank">Arabam.com</a></li><li class="J1wEI"><a href="https://www.emlakjet.com" rel="nofollow noopener noreferrer" target="_blank">Emlakjet.com</a></li><li class="J1wEI"><a href="https://www.endeksa.com/tr/" rel="nofollow noopener noreferrer" target="_blank">Endeksa</a></li><li class="J1wEI"><a href="https://www.hangikredi.com" rel="nofollow noopener noreferrer" target="_blank">HangiKredi</a></li><li class="J1wEI"><a href="https://www.neredekal.com" rel="nofollow noopener noreferrer" target="_blank">Neredekal.com</a></li><li class="J1wEI"><a href="https://www.chemorbis.com/en/" rel="nofollow noopener noreferrer" target="_blank">Chemorbis.com</a></li><li class="J1wEI"><a href="https://tr.steelorbis.com" rel="nofollow noopener noreferrer" target="_blank">Steelorbis.com.tr</a></li></ul></div></div></div></div></footer><octopus-island component="backToTop" hydration="domcontentloaded" props="{&quot;consumer&quot;:&quot;desktop&quot;}"><div class="wEXMr"><button id="backToTopBtn" aria-label="Başa Dön" class="nnPQT R_9ld EnWFQ Qpcqf bqST0 vxjhU"><i class="cimri-icon-arrow-long-up"></i></button></div></octopus-island><octopus-island component="priceAlertModal" hydration="domcontentloaded" props="{&quot;consumer&quot;:&quot;desktop&quot;,&quot;pageType&quot;:&quot;SEARCH&quot;}"><!--$--><!--/$--></octopus-island><octopus-island component="toast" hydration="domcontentloaded" props="{}"><!--$--><!--/$--></octopus-island><octopus-island component="alertRedirect" hydration="domcontentloaded" props="{}"></octopus-island></div><octopus-island component="domContentLoaded" hydration="domcontentloaded" props="{}"></octopus-island><octopus-island component="userEvents" hydration="domcontentloaded" props="{&quot;consumer&quot;:&quot;desktop&quot;,&quot;pageProps&quot;:{&quot;data&quot;:{&quot;pageType&quot;:&quot;SEARCH&quot;}}}"></octopus-island><octopus-island component="reportWebVitals" hydration="domcontentloaded" props="{&quot;appName&quot;:&quot;CIMRI_DESKTOP_TURBO&quot;,&quot;pageType&quot;:&quot;SEARCH&quot;,&quot;browser&quot;:&quot;Chrome&quot;}"></octopus-island><script id="imageScript">const handleImageError = (img) => {  if (img.getAttribute('err-handled')) return;  const alternativeSrc = img.dataset.alternativesrc;  if (alternativeSrc && img.src !== alternativeSrc) {    img.setAttribute('src', alternativeSrc);    return;  }  const version = img.dataset.fallbacktype || '1';  const src = 'https://cdn.cimri.io/web-images/fallback/v' + version + '.svg';  img.setAttribute('src', src);  img.setAttribute('err-handled', 'true');  if (img.hasAttribute('srcset')) {    img.removeAttribute('srcset');  }};document.addEventListener(  'error',  (e) => {    if (e.target.tagName === 'IMG') {      handleImageError(e.target);    }  },  true);</script><script id="__OCTOPUS_DATA__" type="application/json">{"props":{"pageProps":{"data":{"consumer":"desktop","header":{"menuItems":[{"menuName":"Elektronik, Cep Telefonu","url":"/elektronik","icon":"cimri-icon-phone","popularCategories":[{"menuName":"Cep Telefonları","url":"/cep-telefonlari"},{"menuName":"Televizyonlar","url":"/televizyonlar"},{"menuName":"Buzdolapları","url":"/buzdolaplari"},{"menuName":"Dizüstü Bilgisayarlar","url":"/dizustu-bilgisayar"},{"menuName":"Klimalar","url":"/klimalar"},{"menuName":"Vantilatörler","url":"/vantilatorler"},{"menuName":"Robot Süpürgeler","url":"/robot-supurgeler"},{"menuName":"Derin Dondurucular","url":"/derin-dondurucular"},{"menuName":"Tablet Pc","url":"/tablet-pc"},{"menuName":"Bulaşık Makineleri","url":"/bulasik-makineleri"}],"subCategories":[{"menuName":"Cep Telefonu","url":"/cep-telefonu","subCategories":[{"menuName":"Cep Telefonları","url":"/cep-telefonlari","subCategories":[]},{"menuName":"Yenilenmiş Cep Telefonları","url":"/yenilenmis-cep-telefonlari","subCategories":[]},{"menuName":"Powerbank","url":"/tasinabilir-sarj-cihazi-powerbank","subCategories":[]},{"menuName":"Bluetooth Kulaklık","url":"/bluetooth-kulaklik","subCategories":[]},{"menuName":"Cep Telefonu Araç Kiti","url":"/cep-telefonu-arac-kiti","subCategories":[]}]},{"menuName":"TV, Görüntü ve Ses Sistemleri","url":"/goruntu-sistemleri","subCategories":[{"menuName":"Televizyonlar","url":"/televizyonlar","subCategories":[]},{"menuName":"Ev Sinema Sistemleri","url":"/ev-sinema-ses-sistemi","subCategories":[]},{"menuName":"Bluetooth Hoparlör","url":"/bluetooth-hoparlor","subCategories":[]},{"menuName":"Projeksiyon","url":"/projeksiyon","subCategories":[]},{"menuName":"Uydu Alıcıları","url":"/uydu-alicilari","subCategories":[]}]},{"menuName":"Beyaz Eşya","url":"/beyaz-esya","subCategories":[{"menuName":"Buzdolapları","url":"/buzdolaplari","subCategories":[]},{"menuName":"Çamaşır Makineleri","url":"/camasir-makineleri","subCategories":[]},{"menuName":"Derin Dondurucular","url":"/derin-dondurucular","subCategories":[]},{"menuName":"Bulaşık Makineleri","url":"/bulasik-makineleri","subCategories":[]},{"menuName":"Su Sebilleri","url":"/su-sebilleri","subCategories":[]}]},{"menuName":"Bilgisayar","url":"/bilgisayar-yazilimlar","subCategories":[{"menuName":"Masaüstü Bilgisayarlar","url":"/masaustu-bilgisayar","subCategories":[]},{"menuName":"Dizüstü Bilgisayar","url":"/dizustu-bilgisayar","subCategories":[]},{"menuName":"Ekran Kartları","url":"/ekran-kartlari","subCategories":[]},{"menuName":"Oyun Bilgisayarı","url":"/oyun-bilgisayari","subCategories":[]},{"menuName":"Tablet Pc","url":"/tablet-pc","subCategories":[]},{"menuName":"Yazıcılar","url":"/yazicilar","subCategories":[]}]},{"menuName":"Isıtma & Soğutma","url":"/isitma-sogutma","subCategories":[{"menuName":"Klimalar","url":"/klimalar","subCategories":[]},{"menuName":"Kombiler","url":"/kombiler","subCategories":[]},{"menuName":"Vantilatörler","url":"/vantilatorler","subCategories":[]},{"menuName":"Isıtıcılar","url":"/isiticilar","subCategories":[]},{"menuName":"Termosifonlar","url":"/termosifonlar","subCategories":[]}]},{"menuName":"Küçük Ev Aletleri","url":"/kucuk-ev-aletleri","subCategories":[{"menuName":"Elektrikli Süpürgeler","url":"/elektrikli-supurgeler","subCategories":[]},{"menuName":"Kişisel Bakım Gereçleri","url":"/kisisel-bakim-gerecleri","subCategories":[]},{"menuName":"Ütüler","url":"/utuler","subCategories":[]},{"menuName":"Şarjlı Süpürgeler","url":"/sarjli-supurgeler","subCategories":[]},{"menuName":"Su Arıtma Cihazı","url":"/su-aritma-cihazi","subCategories":[]}]},{"menuName":"Elektrikli Mutfak Aletleri","url":"/elektrikli-mutfak-aletleri","subCategories":[{"menuName":"Kahve Makinesi","url":"/kahve-makineleri","subCategories":[]},{"menuName":"Çay Makinesi","url":"/cay-makineleri","subCategories":[]},{"menuName":"Blenderlar","url":"/blenderler","subCategories":[]},{"menuName":"Tost Makineleri","url":"/tost-makineleri","subCategories":[]},{"menuName":"Isıtıcılar","url":"/su-isiticilari-kettle","subCategories":[]},{"menuName":"Ekmek Yapma Makinesi","url":"/ekmek-yapma-makinesi","subCategories":[]}]},{"menuName":"Fotoğraf & Kamera","url":"/fotograf-kamera","subCategories":[{"menuName":"Dijital Fotoğraf Makineleri","url":"/dijital-fotograf-makineleri","subCategories":[]},{"menuName":"Aksiyon Kameralar","url":"/aksiyon-kameralar","subCategories":[]},{"menuName":"Lensler","url":"/objektif-lensler","subCategories":[]},{"menuName":"Drone","url":"/drone","subCategories":[]},{"menuName":"Hafıza Kartları","url":"/hafiza-kartlari","subCategories":[]}]}]},{"menuName":"Ev, Yaşam,\nOfis, Kırtasiye","name":"Ev, Yaşam, Ofis, Kırtasiye","url":"/ev-yasam-ofis-kirtasiye","icon":"cimri-icon-home-lifestyle","popularCategories":[{"menuName":"Tencere ve Tava Setleri","url":"/tencere-tava-setleri"},{"menuName":"Gardrop & Dolap","url":"/gardrop-dolap"},{"menuName":"Yemek Takımı","url":"/yemek-takimi"},{"menuName":"Yatak","url":"/yatak"},{"menuName":"TV Ünitesi ve Sehpası","url":"/tv-sehpasi-tv-koltugu"},{"menuName":"Tava Setleri","url":"/tavalar"},{"menuName":"Fincan & Bardak & Kahve Takımı","url":"/fincan-bardak-kahve-takimi"},{"menuName":"Bıçak Setleri","url":"/bicaklar-ve-bicak-setleri"},{"menuName":"Çatal Bıçak Kaşık Takımları","url":"/catal-kasik-bicak-takimlari"},{"menuName":"Salon Halısı","url":"/salon-halisi"}],"subCategories":[{"menuName":"Mobilya & Dekorasyon","url":"/mobilya-dekorasyon","subCategories":[{"menuName":"Gardrop & Dolap","url":"/gardrop-dolap","subCategories":[]},{"menuName":"TV Sehpası & TV Koltuğu","url":"/tv-sehpasi-tv-koltugu","subCategories":[]},{"menuName":"Kanepe Çekyat","url":"/kanepe-cekyat","subCategories":[]},{"menuName":"Sehpa","url":"/sehpa","subCategories":[]},{"menuName":"Köşe Takımı Seti","url":"/kose-takimi-seti","subCategories":[]}]},{"menuName":"Ev Tekstili","url":"/ev-tekstili","subCategories":[{"menuName":"Halı","url":"/salon-halisi","subCategories":[]},{"menuName":"Perde","url":"/perde","subCategories":[]},{"menuName":"Yatak Örtüsü","url":"/yatak-ortusu","subCategories":[]},{"menuName":"Nevresim Takımı","url":"/nevresim-takimi","subCategories":[]},{"menuName":"Yatak","url":"/yatak","subCategories":[]},{"menuName":"Bornoz","url":"/bornoz","subCategories":[]},{"menuName":"Banyo Havlusu","url":"/banyo-havlusu","subCategories":[]},{"menuName":"Pike Takımı","url":"/pike-pike-takimi","subCategories":[]}]},{"menuName":"Banyo","url":"/banyo-aksesuarlari","subCategories":[{"menuName":"Banyo Dolabı","url":"/banyo-dolabi-mobilyasi","subCategories":[]},{"menuName":"Duşakabin","url":"/dusakabin","subCategories":[]},{"menuName":"Banyo Aksesuarları","url":"/banyo-aksesuarlari","subCategories":[]},{"menuName":"Musluklar","url":"/bataryalar-musluklar","subCategories":[]},{"menuName":"Banyo Tekstili","url":"/banyo-tekstili","subCategories":[]},{"menuName":"Vitrifiye","url":"/vitrifiye","subCategories":[]}]},{"menuName":"Elektrikli Mutfak Aletleri","url":"/elektrikli-mutfak-aletleri","subCategories":[{"menuName":"Blender","url":"/blenderler","subCategories":[]},{"menuName":"Rondolar","url":"/dograyicilar-rondolar","subCategories":[]},{"menuName":"Meyve Sıkacakları","url":"/meyve-sikacaklari","subCategories":[]},{"menuName":"Fritöz","url":"/fritozler","subCategories":[]},{"menuName":"Ekmek Kızartma Makinesi","url":"/ekmek-kizartma-makineleri","subCategories":[]},{"menuName":"Buharlı Pişiriciler","url":"/buharli-pisiriciler","subCategories":[]}]},{"menuName":"Elektrik ve Aydınlatma","url":"/elektrik-ve-aydinlatma","subCategories":[{"menuName":"Avize","url":"/avize","subCategories":[]},{"menuName":"Led Aydınlatmalar","url":"/led-aydinlatmalar","subCategories":[]},{"menuName":"Masa Lambası","url":"/masa-lambasi","subCategories":[]},{"menuName":"Tasarruflu Ampul","url":"/tasarruflu-ampul","subCategories":[]},{"menuName":"Ampul","url":"/klasik-ampul","subCategories":[]},{"menuName":"Prizler","url":"/prizler","subCategories":[]}]},{"menuName":"Mutfak Gereçleri","url":"/mutfak-gerecleri","subCategories":[{"menuName":"Yemek Takımı","url":"/yemek-takimi","subCategories":[]},{"menuName":"Tencere & Tava Setleri","url":"/tencere-tava-setleri","subCategories":[]},{"menuName":"Düdüklü Tencereler","url":"/duduklu-tencereler","subCategories":[]},{"menuName":"Çatal & Kaşık & Bıçak Setleri","url":"/catal-kasik-bicak-takimlari","subCategories":[]}]},{"menuName":"Ofis","url":"/ofis-malzemeleri","subCategories":[{"menuName":"Projeksiyon","url":"/projeksiyon","subCategories":[]},{"menuName":"Ofis Malzemeleri","url":"/ofis-malzemeleri","subCategories":[]},{"menuName":"Çalışma Masası","url":"/calisma-masasi","subCategories":[]},{"menuName":"Çalışma Koltuğu","url":"/calisma-koltugu","subCategories":[]},{"menuName":"Akıllı Tahta","url":"/akilli-tahta","subCategories":[]}]},{"menuName":"Kırtasiye","url":"/ofis-kirtasiye","subCategories":[{"menuName":"Fotokopi Kağıdı","url":"/fotokopi-kagidi","subCategories":[]},{"menuName":"Defter","url":"/defter","subCategories":[]},{"menuName":"Okul Çantası","url":"/okul-cantasi","subCategories":[]},{"menuName":"Kalemlik","url":"/kalemlik-kalem-kutusu","subCategories":[]},{"menuName":"Pastel Boya","url":"/pastel-boya","subCategories":[]},{"menuName":"Kalem ve Yazı Gereçleri","url":"/kalem-yazi-gerecleri","subCategories":[]}]}]},{"menuName":"Anne, Bebek,\nOyuncak","name":"Anne, Bebek, Oyuncak","url":"/anne-bebek-oyuncak","icon":"cimri-icon-mother-baby-bottle","popularCategories":[{"menuName":"Bebek Arabası ve Pusetler","url":"/bebek-arabasi-ve-pusetler"},{"menuName":"Akülü Araba","url":"/akulu-araba"},{"menuName":"Bebek Bezi","url":"/bebek-bezi"},{"menuName":"Legolar","url":"/legolar-yapim-oyuncaklari"},{"menuName":"Bebek Mamaları","url":"/bebek-mamalari"},{"menuName":"Oyun Seti","url":"/oyun-seti"},{"menuName":"Oyuncak Bebekler","url":"/oyuncak-bebekler"},{"menuName":"Bebek Islak Mendil","url":"/bebek-mendil-islak-mendil"},{"menuName":"Mama Sandalyesi","url":"/mama-sandalyesi"},{"menuName":"Bebek Telsizi","url":"/bebek-telsizi"}],"subCategories":[{"menuName":"Anne, Bebek","url":"/anne-bebek","subCategories":[{"menuName":"Bebek Arabası ve Pusetler","url":"/bebek-arabasi-ve-pusetler","subCategories":[]},{"menuName":"Bebek Mamaları","url":"/bebek-mamalari","subCategories":[]},{"menuName":"Bebek Bezi","url":"/bebek-bezi","subCategories":[]},{"menuName":"Bebek Oto Koltuğu","url":"/bebek-oto-koltugu","subCategories":[]},{"menuName":"Bebek Güvenlik","url":"/bebek-guvenlik","subCategories":[]}]},{"menuName":"Bebek Giyim Tekstil","url":"/bebek-giyim-tekstil","subCategories":[{"menuName":"Bebek Ayakkabısı","url":"/bebek-ayakkabisi","subCategories":[]},{"menuName":"Bebek Tulumu","url":"/bebek-tulumu","subCategories":[]},{"menuName":"Bebek Hastane Çıkışı","url":"/bebek-hastane-cikisi","subCategories":[]},{"menuName":"Bebek T-shirt","url":"/bebek-t-shirt","subCategories":[]},{"menuName":"Bebek Pijaması","url":"/bebek-pijamasi","subCategories":[]}]},{"menuName":"Bebek Beslenme Gereçleri","url":"/bebek-beslenme-gerecleri","subCategories":[{"menuName":"Biberon","url":"/biberon","subCategories":[]},{"menuName":"Emzik","url":"/emzik","subCategories":[]},{"menuName":"Süt Saklama Poşeti - Kabı","url":"/sut-saklama-poseti-kabi","subCategories":[]},{"menuName":"Mama Seti","url":"/mama-seti","subCategories":[]},{"menuName":"Göğüs Pompası","url":"/gogus-pompasi","subCategories":[]},{"menuName":"Mama Sandalyesi","url":"/mama-sandalyesi","subCategories":[]}]},{"menuName":"Bebek Bakım","url":"/bebek-bakim","subCategories":[{"menuName":"Bebek Bakım Çantası","url":"/bebek-bakim-cantasi","subCategories":[]},{"menuName":"Bebek Şampuan","url":"/bebek-sampuani","subCategories":[]},{"menuName":"Pişik Önleyici Krem","url":"/pisik-onleyici-krem","subCategories":[]},{"menuName":"Bebek Bakım Seti","url":"/bebek-bakim-seti","subCategories":[]},{"menuName":"Bebek Vücut Kremi","url":"/bebek-vucut-kremi","subCategories":[]}]},{"menuName":"Bebek Bezi-Alt Açma","url":"/bebek-bezi-alt-acma","subCategories":[{"menuName":"Bebek Bezi","url":"/bebek-bezi","subCategories":[]},{"menuName":"Bebek Alt Açma Minderi","url":"/bebek-alt-acma-minderi","subCategories":[]},{"menuName":"Bebek Lazımlık","url":"/bebek-lazimlik","subCategories":[]},{"menuName":"Bebek Alt Açma Örtüsü","url":"/bebek-alt-acma-ortusu","subCategories":[]}]},{"menuName":"Bebek Odası Tekstili","url":"/bebek-odasi-tekstili","subCategories":[{"menuName":"Bebek Nevresim Takımı","url":"/bebek-nevresim-takimi","subCategories":[]},{"menuName":"Bebek Yatağı","url":"/bebek-yatagi","subCategories":[]},{"menuName":"Bebek Uyku Seti","url":"/bebek-uyku-seti","subCategories":[]},{"menuName":"Oyun Parkı","url":"/park-yatak-oyun-parki","subCategories":[]},{"menuName":"Beşik","url":"/besik","subCategories":[]},{"menuName":"Bebek Odası Halı","url":"/bebek-odasi-hali","subCategories":[]}]},{"menuName":"Ana Kucağı ve Oto Koltuğu","url":"/ana-kucagi-ve-oto-koltugu","subCategories":[{"menuName":"Bebek Oto Koltuğu","url":"/bebek-oto-koltugu","subCategories":[]},{"menuName":"Kanguru","url":"/kanguru","subCategories":[]},{"menuName":"Ana Kucağı","url":"/ana-kucagi","subCategories":[]},{"menuName":"Bebek Salıncağı","url":"/bebek-salincagi","subCategories":[]},{"menuName":"Yürüteç","url":"/yurutec","subCategories":[]},{"menuName":"Hoppala","url":"/hoppala","subCategories":[]}]},{"menuName":"Oyuncak","url":"/oyuncak","subCategories":[{"menuName":"Oyuncak","url":"/oyuncak","subCategories":[]},{"menuName":"Bebek Oyuncakları","url":"/bebek-oyuncaklari","subCategories":[]},{"menuName":"Akülü Araba","url":"/akulu-araba","subCategories":[]},{"menuName":"Legolar","url":"/legolar-yapim-oyuncaklari","subCategories":[]},{"menuName":"Oyun Seti","url":"/oyun-seti","subCategories":[]},{"menuName":"Eğitici Oyuncak","url":"/egitici-oyuncak","subCategories":[]}]}]},{"menuName":"Saat, Moda, Takı, Ayakkabı","url":"/saat-moda-taki","icon":"cimri-icon-fashion-t-shirt","popularCategories":[{"menuName":"Kol Saatleri","url":"/kol-saatleri"},{"menuName":"Spor Ayakkabı","url":"/spor-ayakkabi"},{"menuName":"Gram & Külçe Altın","url":"/kulce-ziynet-ve-cumhuriyet-altini"},{"menuName":"Kadın Terlik ve Sandalet","url":"/kadin-terlikleri-ve-sandaletleri"},{"menuName":"Unisex Güneş Gözlükleri","url":"/unisex-gunes-gozlukleri"},{"menuName":"Valiz","url":"/bavul-valiz"},{"menuName":"Erkek Günlük Ayakkabıları","url":"/erkek-gunluk-ayakkabilari"},{"menuName":"Erkek Terlik ve Sandalet","url":"/erkek-terlikleri-ve-sandaletleri"},{"menuName":"Erkek Güneş Gözlük","url":"/erkek-gunes-gozlukleri"},{"menuName":"Kadın Güneş Gözlükleri","url":"/kadin-gunes-gozlukleri"}],"subCategories":[{"menuName":"Kadın Giyim","url":"/kadin-giyim","subCategories":[{"menuName":"Etek","url":"/etek","subCategories":[]},{"menuName":"Bayan Eşofman","url":"/bayan-esofman","subCategories":[]},{"menuName":"Tayt","url":"/tayt","subCategories":[]},{"menuName":"Elbise","url":"/elbise","subCategories":[]},{"menuName":"Pardesü","url":"/pardesu","subCategories":[]},{"menuName":"Tesettür Giyim","url":"/tesettur-giyim","subCategories":[]},{"menuName":"Mayo","url":"/mayo","subCategories":[]},{"menuName":"Bikini","url":"/bikini","subCategories":[]}]},{"menuName":"Erkek Giyim","url":"/erkek-giyim","subCategories":[{"menuName":"Erkek Forma","url":"/erkek-forma","subCategories":[]},{"menuName":"Erkek Eşofman","url":"/erkek-esofman","subCategories":[]},{"menuName":"Erkek Pantolon","url":"/erkek-pantolon","subCategories":[]},{"menuName":"Kot Pantolon","url":"/erkek-jeans-kot-pantolon","subCategories":[]},{"menuName":"Erkek Ceket","url":"/erkek-ceket","subCategories":[]},{"menuName":"Erkek T-Shirt","url":"/erkek-t-shirt","subCategories":[]}]},{"menuName":"Çocuk Giyim","url":"/kiz-cocuk-giyim-ve-ic-giyim","subCategories":[{"menuName":"Kız Çocuk Pantolon","url":"/kiz-cocuk-pantolon","subCategories":[]},{"menuName":"Kız Çocuk Elbise","url":"/kiz-cocuk-elbise","subCategories":[]},{"menuName":"Erkek Sandalet","url":"/erkek-cocuk-terlik-sandaleti","subCategories":[]},{"menuName":"Erkek Çocuk Pantolon","url":"/erkek-cocuk-pantolon","subCategories":[]},{"menuName":"Kız Çocuk Sandalet","url":"/kiz-cocuk-terlik-sandaleti","subCategories":[]}]},{"menuName":"Bebek Giyim","url":"/bebek-giyim-tekstil","subCategories":[{"menuName":"Bebek Ayakkabısı","url":"/bebek-ayakkabisi","subCategories":[]},{"menuName":"Bebek Giysi Takımı","url":"/bebek-giysi-takim","subCategories":[]},{"menuName":"Bebek Hastane Çıkışı","url":"/bebek-hastane-cikisi","subCategories":[]},{"menuName":"Bebek Ayakkabı","url":"/bebek-ayakkabisi","subCategories":[]},{"menuName":"Bebek Tulum","url":"/bebek-tulumu","subCategories":[]}]},{"menuName":"Ayakkabılar ve Çantalar","url":"/ayakkabilar-ve-cantalar","subCategories":[{"menuName":"Spor Ayakkabı","url":"/spor-ayakkabi","subCategories":[]},{"menuName":"Erkek Ayakkabı","url":"/erkek-ayakkabilari","subCategories":[]},{"menuName":"Kadın Ayakkabıları","url":"/kadin-ayakkabilari","subCategories":[]},{"menuName":"Bayan Çanta ve Cüzdan","url":"/bayan-canta-ve-cuzdan","subCategories":[]},{"menuName":"Kadın Sandalet","url":"/kadin-terlikleri-ve-sandaletleri","subCategories":[]}]},{"menuName":"Altın, Takı & Aksesuar","url":"/altin-taki-aksesuar","subCategories":[{"menuName":"Kolyeler","url":"/kolyeler","subCategories":[]},{"menuName":"Yüzükler","url":"/yuzukler","subCategories":[]},{"menuName":"Bilezikler","url":"/bilezikler","subCategories":[]},{"menuName":"Takı Aksesuarları","url":"/taki-aksesuarlari","subCategories":[]},{"menuName":"Küpeler","url":"/kupeler","subCategories":[]},{"menuName":"Çeyrek Altın","url":"/ceyrek-altin","subCategories":[]}]},{"menuName":"Saat","url":"/saat","subCategories":[{"menuName":"Akıllı Saat","url":"/akilli-saat","subCategories":[]},{"menuName":"Erkek Saat","url":"/kol-saatleri/en-ucuz-uygunluk:erkek-kol-saatleri-fiyatlari?page=1&sort=rank%2Cdesc","subCategories":[]},{"menuName":"Kadın Saat","url":"/kol-saatleri/en-ucuz-uygunluk:kadin-kol-saatleri-fiyatlari?page=1&sort=rank%2Cdesc","subCategories":[]},{"menuName":"Cep Saatleri","url":"/cep-saatleri","subCategories":[]},{"menuName":"Masa Saati","url":"/masa-saati","subCategories":[]},{"menuName":"Duvar Saati","url":"/duvar-saati","subCategories":[]}]},{"menuName":"Güneş Gözlükleri","url":"/gunes-gozlukleri","subCategories":[{"menuName":"Unisex Güneş Gözlük","url":"/unisex-gunes-gozlukleri","subCategories":[]},{"menuName":"Erkek Güneş Gözlük","url":"/erkek-gunes-gozlukleri","subCategories":[]},{"menuName":"Kadın Güneş Gözlük","url":"/kadin-gunes-gozlukleri","subCategories":[]},{"menuName":"Çocuk Güneş Gözlük","url":"/cocuk-gunes-gozlukleri","subCategories":[]}]}]},{"menuName":"Kitap,\nMüzik, Hobi","name":"Kitap, Müzik, Hobi","url":"/kitap-muzik-hobi","icon":"cimri-icon-book","popularCategories":[{"menuName":"Drone","url":"/drone"},{"menuName":"Oyun Konsolları","url":"/oyun-konsollari"},{"menuName":"Zeka Oyunları","url":"/zeka-oyunlari"},{"menuName":"Yetişkinler İçin Oyunlar","url":"/yetiskinler-icin-oyunlar"},{"menuName":"Aksiyon Figürleri","url":"/aksiyon-figurleri"},{"menuName":"PlayStation 4 Oyun","url":"/playstation-4-ps4-oyunlari"},{"menuName":"Konsol Aksesuarları","url":"/konsol-aksesuarlari"},{"menuName":"Bilgisayar Oyunları","url":"/bilgisayar-oyunlari"},{"menuName":"Xbox Oyunları","url":"/xbox-oyunlari"},{"menuName":"Klasik Gitarlar","url":"/klasik-gitarlar"}],"subCategories":[{"menuName":"Kitaplar","url":"/kitaplar","subCategories":[{"menuName":"Çok Satan Kitaplar","url":"/cok-satan-kitaplar","subCategories":[]},{"menuName":"Yeni Çıkan Kitaplar","url":"/yeni-cikan-kitaplar","subCategories":[]},{"menuName":"Roman","url":"/roman","subCategories":[]},{"menuName":"E-Kitap Okuyucu","url":"/e-kitap-okuyucu","subCategories":[]}]},{"menuName":"Oyun & Oyun Konsolları","url":"/oyun-hobi","subCategories":[{"menuName":"Playstation 4 Oyun","url":"/playstation-4-ps4-oyunlari","subCategories":[]},{"menuName":"Bilgisayar Oyun","url":"/bilgisayar-oyunlari","subCategories":[]},{"menuName":"Xbox Oyun","url":"/xbox-oyunlari","subCategories":[]},{"menuName":"Oyun Konsolları","url":"/oyun-konsollari","subCategories":[]},{"menuName":"Konsol Aksesuarları","url":"/konsol-aksesuarlari","subCategories":[]}]},{"menuName":"Oyun & Hobi","url":"/oyun-hobi","subCategories":[{"menuName":"Figür","url":"/aksiyon-figurleri","subCategories":[]},{"menuName":"RC Araçlar","url":"/rc-araclar-ve-aksesuarlari","subCategories":[]},{"menuName":"Drone","url":"/drone","subCategories":[]},{"menuName":"Yetişkinler İçin Oyunlar","url":"/yetiskinler-icin-oyunlar","subCategories":[]},{"menuName":"Puzzle'lar","url":"/puzzle-aksesuarlari","subCategories":[]},{"menuName":"Zeka Oyunları","url":"/zeka-oyunlari","subCategories":[]}]},{"menuName":"Müzik Aletleri","url":"/muzik-aletleri","subCategories":[{"menuName":"Klasik Gitarlar","url":"/klasik-gitarlar","subCategories":[]},{"menuName":"Elektro Gitarlar","url":"/elektro-gitarlar","subCategories":[]},{"menuName":"Dijital Piyanolar","url":"/dijital-piyanolar","subCategories":[]},{"menuName":"Kemanlar","url":"/kemanlar","subCategories":[]},{"menuName":"Orglar","url":"/orglar","subCategories":[]}]},{"menuName":"Edebiyat","url":"/edebiyat","subCategories":[{"menuName":"Roman","url":"/roman","subCategories":[]},{"menuName":"Tarih Kitapları","url":"/tarih-kitaplari","subCategories":[]},{"menuName":"Öykü Kitapları","url":"/oyku-kitaplari","subCategories":[]},{"menuName":"Deneme & İnceleme","url":"/deneme-inceleme","subCategories":[]},{"menuName":"Din Kitapları","url":"/din-kitaplari","subCategories":[]}]},{"menuName":"Eğitim","url":"/egitim","subCategories":[{"menuName":"Ders Sınav Kitapları","url":"/ders-sinav-kitaplari","subCategories":[]},{"menuName":"Yabancı Dil Kitapları","url":"/yabanci-dil-kitaplari","subCategories":[]},{"menuName":"Ansiklopediler","url":"/ansiklopediler","subCategories":[]},{"menuName":"Yardımcı Kitaplar","url":"/yardimci-kitaplar","subCategories":[]}]},{"menuName":"Akademik","url":"/akademik","subCategories":[{"menuName":"Hukuk Kitapları","url":"/hukuk-kitaplari","subCategories":[]},{"menuName":"İnceleme Kitapları","url":"/inceleme-kitaplari","subCategories":[]},{"menuName":"Teknik ve Mühendislik Kitapları","url":"/bilim-teknik-ve-muhendislik-kitaplari","subCategories":[]}]},{"menuName":"Kişisel Gelişim ve Psikoloji","url":"/kisisel-gelisim-ve-psikoloji","subCategories":[{"menuName":"Bireysel Gelişim Kitapları","url":"/bireysel-gelisim-kitaplari","subCategories":[]},{"menuName":"Psikoloji Kitapları","url":"/psikoloji-kitaplari?page=1&sort=rank%2Cdesc","subCategories":[]},{"menuName":"Başarı Kitapları","url":"/basari-kitaplari","subCategories":[]},{"menuName":"Zihinsel Gelişim Kitapları","url":"/zihinsel-gelisim-kitaplari","subCategories":[]}]}]},{"menuName":"Spor,\nOutdoor","name":"Spor, Outdoor","url":"/spor-outdoor","icon":"cimri-icon-sport-football","popularCategories":[{"menuName":"Elektrikli Bisikletler","url":"/elektrikli-bisikletler"},{"menuName":"Dağ Bisikletleri","url":"/dag-bisikletleri"},{"menuName":"Trekking Ayakkabısı","url":"/trekking-ayakkabisi-botu"},{"menuName":"Kamp Sandalyesi","url":"/kamp-sandalyesi"},{"menuName":"Çadır","url":"/cadir"},{"menuName":"Şehir ve Gezi Bisikletleri","url":"/sehir-gezi-bisikletleri"},{"menuName":"Paten","url":"/paten"},{"menuName":"Hoverboard","url":"/hoverboard"},{"menuName":"Scooter","url":"/scooter"},{"menuName":"Katlanabilir Bisiklet","url":"/katlanabilir-bisiklet"}],"subCategories":[{"menuName":"Outdoor Giyim ve Ayakkabı","url":"/giyim-outdoor","subCategories":[{"menuName":"Pantolon","url":"/pantolon-outdoor","subCategories":[]},{"menuName":"Termal İç Giyim","url":"/termal-ic-giyim","subCategories":[]},{"menuName":"Trekking Ayakkabı","url":"/trekking-ayakkabisi-botu","subCategories":[]},{"menuName":"Sandalet (Outdoor)","url":"/sandalet-outdoor","subCategories":[]},{"menuName":"T-Shirt & Sweatshirt (Outdoor)","url":"/t-shirt-sweatshirt-outdoor","subCategories":[]}]},{"menuName":"Spor Branşları","url":"/diger-spor-urunleri","subCategories":[{"menuName":"Toplar","url":"/toplar","subCategories":[]},{"menuName":"Futbol Malzemeleri","url":"/futbol-malzemeleri","subCategories":[]},{"menuName":"Masa Tenesi Aksesuarları","url":"/masa-tenisi-aksesuarlari","subCategories":[]},{"menuName":"Yüzücü Gözlüğü","url":"/yuzucu-gozlugu","subCategories":[]},{"menuName":"Boks Malzemeleri","url":"/boks-malzemeleri","subCategories":[]}]},{"menuName":"Paten Kaykay Scooter","url":"/paten-kaykay-scooter","subCategories":[{"menuName":"Paten","url":"/paten","subCategories":[]},{"menuName":"Kaykay","url":"/kaykay","subCategories":[]},{"menuName":"Scooter","url":"/scooter","subCategories":[]},{"menuName":"Hoverboard","url":"/hoverboard","subCategories":[]}]},{"menuName":"Balıkçılık Malzemeleri","url":"/balikcilik-malzemeleri","subCategories":[{"menuName":"Misina","url":"/misina","subCategories":[]},{"menuName":"Olta","url":"/balikcilik-malzemeleri","subCategories":[]},{"menuName":"Suni Yem","url":"/suni-balik-yemi-rapala","subCategories":[]},{"menuName":"Olta Makinesi","url":"/olta-jig-makinesi","subCategories":[]},{"menuName":"Olta Kamışı","url":"/olta-jig-kamisi","subCategories":[]},{"menuName":"Olta İğnesi","url":"/olta-jig-ignesi","subCategories":[]}]},{"menuName":"Kamp Malzemeleri","url":"/kamp-malzemeleri","subCategories":[{"menuName":"Çadır","url":"/cadir","subCategories":[]},{"menuName":"Şişme Yatak","url":"/sisme-yatak","subCategories":[]},{"menuName":"El Feneri","url":"/el-feneri","subCategories":[]},{"menuName":"Termos","url":"/termos","subCategories":[]},{"menuName":"Uyku Tulumu","url":"/uyku-tulumu","subCategories":[]},{"menuName":"Sırt Çantası Outdoor","url":"/sirt-cantasi-outdoor","subCategories":[]},{"menuName":"Kamp Sandalyesi","url":"/kamp-sandalyesi","subCategories":[]}]},{"menuName":"Fitness Kondisyon Ürünleri","url":"/fitness-kondisyon-urunleri","subCategories":[{"menuName":"Koşu Bantları","url":"/kosu-bantlari","subCategories":[]},{"menuName":"Kondisyon Bisikletleri","url":"/kondisyon-bisikletleri","subCategories":[]},{"menuName":"Protein Tozu","url":"/protein-tozlari","subCategories":[]},{"menuName":"Dambıl","url":"/dambillar-el-ayak-agirliklari","subCategories":[]},{"menuName":"Kondisyon Aleti","url":"/kondisyon-aletleri","subCategories":[]}]},{"menuName":"Bisikletler","url":"/bisikletler","subCategories":[{"menuName":"Elektrikli Bisikletler","url":"/elektrikli-bisikletler","subCategories":[]},{"menuName":"Dağ Bisikletleri","url":"/dag-bisikletleri","subCategories":[]},{"menuName":"Şehir & Gezi Bisikletleri","url":"/sehir-gezi-bisikletleri","subCategories":[]},{"menuName":"Çocuk Bisikletleri","url":"/cocuk-bisikletleri","subCategories":[]}]},{"menuName":"Ayakkabılar ve Çantalar","url":"/ayakkabilar-ve-cantalar","subCategories":[{"menuName":"Spor Ayakkabı","url":"/spor-ayakkabi","subCategories":[]},{"menuName":"Erkek Ayakkabıları","url":"/erkek-ayakkabilari","subCategories":[]},{"menuName":"Kadın Ayakkabıları","url":"/kadin-ayakkabilari","subCategories":[]},{"menuName":"Seyahat Çantaları","url":"/unisex-canta-cuzdan-ve-seyahat-cantalari","subCategories":[]}]}]},{"menuName":"Sağlık, Bakım, Kozmetik","url":"/saglik-bakim-kozmetik","icon":"cimri-icon-cosmetic-make-up-lipstick","popularCategories":[{"menuName":"Kolonya ve Gülsuyu","url":"/kolonya-gulsuyu"},{"menuName":"Tıraş Makineleri","url":"/tiras-makineleri"},{"menuName":"Saç Kesme Makineleri","url":"/sac-kesme-makineleri"},{"menuName":"Erkek Parfüm","url":"/erkek-parfumleri"},{"menuName":"Kadın Parfüm","url":"/kadin-parfumleri"},{"menuName":"Epilasyon Aletleri","url":"/epilasyon-aletleri"},{"menuName":"Güneş Kremi ve Losyon","url":"/gunes-kremleri-ve-losyonlari"},{"menuName":"Şampuan ve Saç Kremi","url":"/sampuan-ve-sac-kremi"},{"menuName":"Diş Fırçaları","url":"/dis-fircalari"},{"menuName":"Saç Şekillendiriciler","url":"/sac-sekillendiriciler"},{"menuName":"Yüz Koruyucu Maske","url":"/yuz-koruyucu-maske"}],"subCategories":[{"menuName":"Kişisel Bakım Gereçleri","url":"/kisisel-bakim-gerecleri","subCategories":[{"menuName":"Epilasyon Aletleri","url":"/epilasyon-aletleri","subCategories":[]},{"menuName":"Saç Şekillendiriciler","url":"/sac-sekillendiriciler","subCategories":[]},{"menuName":"Saç Kurutma","url":"/sac-kurutma-makineleri","subCategories":[]},{"menuName":"Cinsel Sağlık Ürünleri","url":"/cinsel-saglik-ve-aile-planlamasi","subCategories":[]},{"menuName":"Baskül","url":"/baskul-tartilar","subCategories":[]}]},{"menuName":"Parfüm ve Deodorantlar","url":"/parfumler","subCategories":[{"menuName":"Kolonya ve Gülsuyu","url":"/kolonya-gulsuyu","subCategories":[]},{"menuName":"Erkek Parfümleri","url":"/erkek-parfumleri","subCategories":[]},{"menuName":"Kadın Parfümleri","url":"/kadin-parfumleri","subCategories":[]},{"menuName":"Deodorantlar","url":"/deodorantlar","subCategories":[]},{"menuName":"Bebek Kolonya","url":"/bebek-kolonyasi","subCategories":[]}]},{"menuName":"Tıraş Ürünleri","url":"/erkek-tiras-urunleri","subCategories":[{"menuName":"Tıraş Makineleri","url":"/tiras-makineleri","subCategories":[]},{"menuName":"Saç Kesme Makinesi","url":"/sac-kesme-makineleri","subCategories":[]},{"menuName":"Tıraş Bıçağı","url":"/tiras-bicagi-ve-yedekleri","subCategories":[]},{"menuName":"Tıraş Jelleri","url":"/tiras-jelleri-kopukleri-kremleri","subCategories":[]},{"menuName":"Tıraş Fırçası","url":"/tiras-fircalari","subCategories":[]}]},{"menuName":"Ağız ve Diş Sağlığı","url":"/agiz-ve-dis-sagligi","subCategories":[{"menuName":"Diş Fırçaları","url":"/dis-fircalari","subCategories":[]},{"menuName":"Ağız Gargara","url":"/agiz-gargara-ve-spreyi","subCategories":[]},{"menuName":"Diş Macunları","url":"/dis-macunlari","subCategories":[]},{"menuName":"Diş Beyazlatıcılar","url":"/dis-beyazlaticilar","subCategories":[]},{"menuName":"Diş İpi","url":"/dis-ipleri","subCategories":[]},{"menuName":"Bebek Diş Fırçası","url":"/bebek-dis-fircasi","subCategories":[]}]},{"menuName":"Saç Bakımı","url":"/sac-bakimi","subCategories":[{"menuName":"Maske ve Serum","url":"/sac-bakim-maskeleri-serumlar-spreyler","subCategories":[]},{"menuName":"Şampuan ve Saç Kremi","url":"/sampuan-ve-sac-kremi","subCategories":[]},{"menuName":"Saç Boyası","url":"/sac-boyasi","subCategories":[]},{"menuName":"Wax","url":"/wax","subCategories":[]},{"menuName":"Köpük","url":"/sac-sekillendirici-kopuk","subCategories":[]},{"menuName":"Bebek Şampuan","url":"/bebek-sampuani","subCategories":[]}]},{"menuName":"Güneş Ürünleri","url":"/gunes-urunleri","subCategories":[{"menuName":"Güneş Kremleri ve Losyonları","url":"/gunes-kremleri-ve-losyonlari","subCategories":[]},{"menuName":"Güneş Sonrası Kremler","url":"/gunes-sonrasi-kremler-ve-losyonlari","subCategories":[]},{"menuName":"Bronzlaştırıcılar","url":"/bronzlastiricilar","subCategories":[]},{"menuName":"Bebek Güneş Kremi","url":"/bebek-gunes-kremi","subCategories":[]}]},{"menuName":"Cilt ve Vücut Bakımı","url":"/cilt-ve-yuz-bakimi","subCategories":[{"menuName":"Nemlendiriciler","url":"/nemlendiriciler","subCategories":[]},{"menuName":"Akne Sivilce Bakımı","url":"/akne-ve-sivilce-bakimi","subCategories":[]},{"menuName":"Kolonya & Gülsuyu","url":"/kolonya-gulsuyu","subCategories":[]},{"menuName":"Sabunlar","url":"/sabunlar","subCategories":[]},{"menuName":"Anti-Aging/Yaşlanma Karşıtı","url":"/anti-aging-yaslanma-karsiti","subCategories":[]}]},{"menuName":"Makyaj Ürünleri","url":"/makyaj-urunleri","subCategories":[{"menuName":"Dermokozmetik Ürünler","url":"/dermokozmetik-urunler","subCategories":[]},{"menuName":"Rujlar","url":"/rujlar-dudak-parlaticilari","subCategories":[]},{"menuName":"Göz Farı","url":"/goz-fari","subCategories":[]},{"menuName":"Fondötenler","url":"/fondotenler","subCategories":[]},{"menuName":"Rimeller","url":"/rimeller-maskaralar","subCategories":[]},{"menuName":"Makyaj Fırça ve Aksesuar","url":"/makyaj-firca-ve-aksesuarlari","subCategories":[]}]}]},{"menuName":"Oto, Bahçe, Yapı Market","url":"/oto-bahce-yapi-market","icon":"cimri-icon-tools-drill-hardware-store","popularCategories":[{"menuName":"Lastikler","url":"/lastikler"},{"menuName":"Akülü Vidalama Makinesi","url":"/akulu-vidalama-makinesi"},{"menuName":"Motorlu Tırpan","url":"/motorlu-tirpan"},{"menuName":"Boyalar","url":"/boyalar"},{"menuName":"Çapalama Makinesi","url":"/capalama-makinesi"},{"menuName":"Matkaplar","url":"/matkaplar"},{"menuName":"Oto Teypleri","url":"/oto-teypleri"},{"menuName":"Ağaç Kesme Makinesi","url":"/agac-kesme-makinesi"},{"menuName":"Avize","url":"/avize"}],"subCategories":[{"menuName":"Araba Aksesuarları","url":"/araba-motorsiklet-aksesuari","subCategories":[{"menuName":"Lastikler","url":"/lastikler","subCategories":[]},{"menuName":"Akü ve Akü Malzemleri","url":"/aku-aku-malzemeleri","subCategories":[]},{"menuName":"Oto Teypleri","url":"/oto-teypleri","subCategories":[]},{"menuName":"Oto Buzdolabı","url":"/oto-buzdolabi","subCategories":[]},{"menuName":"Motor Yağı","url":"/motor-yagi","subCategories":[]},{"menuName":"Jantlar","url":"/jantlar-jant-aksesuarlari","subCategories":[]}]},{"menuName":"Bahçe","url":"/bahce-dekorasyon-duzenleme","subCategories":[{"menuName":"Ağaç Kesme Makinesi","url":"/agac-kesme-makinesi","subCategories":[]},{"menuName":"Çim Biçme Makinesi","url":"/cim-bicme-makinesi","subCategories":[]},{"menuName":"Mangal Barbekü","url":"/mangal-barbeku-malzemeleri","subCategories":[]},{"menuName":"Bahçe Mobilya","url":"/bahce-mobilyasi","subCategories":[]},{"menuName":"Çapalama Makinesi","url":"/capalama-makinesi","subCategories":[]}]},{"menuName":"Elektrikli El Aletleri ve El Aletleri","url":"/elektrikli-el-aletleri","subCategories":[{"menuName":"Matkaplar","url":"/matkaplar","subCategories":[]},{"menuName":"Zımparalama Makinesi","url":"/zimparalama-makinesi","subCategories":[]},{"menuName":"Akülü Vidalama Makinesi","url":"/akulu-vidalama-makinesi","subCategories":[]},{"menuName":"Anahtar","url":"/anahtar","subCategories":[]},{"menuName":"Tornavida","url":"/tornavida","subCategories":[]},{"menuName":"Kaynak Makineleri","url":"/kaynak-makineleri","subCategories":[]}]},{"menuName":"Elektrik ve Aydınlatma","url":"/elektrik-ve-aydinlatma","subCategories":[{"menuName":"Abajur","url":"/abajur","subCategories":[]},{"menuName":"Lambader","url":"/lambader","subCategories":[]},{"menuName":"Aplik","url":"/aplikler","subCategories":[]},{"menuName":"Pirizler","url":"/prizler","subCategories":[]},{"menuName":"Tavan Vantilatörü","url":"/vantilatorler/en-ucuz-urun-tipi:tavan-vantilatorler-fiyatlari","subCategories":[]},{"menuName":"Dış Mekan Aydınlatma","url":"/dis-mekan-aydinlatma","subCategories":[]},{"menuName":"Avize","url":"/avize","subCategories":[]}]},{"menuName":"Oto Elektroniği","url":"/oto-elektronigi","subCategories":[{"menuName":"Oto Teypleri","url":"/oto-teypleri","subCategories":[]},{"menuName":"Oto Hoparlörleri","url":"/oto-hoparlorleri-subwoofer","subCategories":[]},{"menuName":"Oto Video & Navigasyon Cihazları","url":"/oto-video-navigasyon-cihazlari","subCategories":[]},{"menuName":"Oto Görüntü Sistemleri","url":"/oto-goruntu-sistemleri","subCategories":[]}]},{"menuName":"Motorsiklet Aksesuarları","url":"/motorsiklet-aksesuarlari","subCategories":[{"menuName":"Motorsiklet Kask","url":"/motorsiklet-kasklari","subCategories":[]},{"menuName":"Motorsiklet Eldiven","url":"/motorsiklet-eldivenleri","subCategories":[]},{"menuName":"Motorsiklet Çanta","url":"/motorsiklet-cantalari","subCategories":[]},{"menuName":"Motorsiklet Brandaları","url":"/motorsiklet-brandalari","subCategories":[]}]},{"menuName":"Banyo Aksesuarları","url":"/banyo-aksesuarlari","subCategories":[{"menuName":"Banyo Dolabı","url":"/banyo-dolabi-mobilyasi","subCategories":[]},{"menuName":"Duşakabin","url":"/dusakabin","subCategories":[]},{"menuName":"Banyo Aksesuarları","url":"/banyo-aksesuarlari","subCategories":[]},{"menuName":"Musluklar","url":"/musluklar","subCategories":[]},{"menuName":"Banyo Tekstili","url":"/banyo-tekstili","subCategories":[]},{"menuName":"Bataryalar","url":"/bataryalar","subCategories":[]}]},{"menuName":"Isıtma & Soğutma","url":"/isitma-sogutma","subCategories":[{"menuName":"Klimalar","url":"/klimalar","subCategories":[]},{"menuName":"Kombiler","url":"/kombiler","subCategories":[]},{"menuName":"Vantilatörler","url":"/vantilatorler","subCategories":[]},{"menuName":"Isıtıcılar","url":"/isiticilar","subCategories":[]},{"menuName":"Termosifonlar","url":"/termosifonlar","subCategories":[]},{"menuName":"Şofbenler","url":"/sofbenler","subCategories":[]},{"menuName":"Sobalar","url":"/sobalar","subCategories":[]},{"menuName":"Radyatör","url":"/radyator","subCategories":[]}]}]},{"menuName":"Petshop","url":"/pet","icon":"cimri-icon-pets-animals-pet-shop","popularCategories":[{"menuName":"Kuru Kedi Maması","url":"/kuru-kedi-mamasi"},{"menuName":"Kuru Köpek Maması","url":"/kuru-kopek-mamasi"},{"menuName":"Konserve Köpek Maması","url":"/kopek-konserve-mamasi"},{"menuName":"Kedi Kumu","url":"/kedi-kumu"},{"menuName":"Kedi Ödülü","url":"/kedi-odulu"},{"menuName":"Kuş Kafesi","url":"/kus-kafesi"},{"menuName":"Yaş Kedi Maması","url":"/konserve-yas-kedi-mamasi"},{"menuName":"Kedi Oyuncakları","url":"/kedi-oyuncaklari"},{"menuName":"Kuş Yemi","url":"/kus-yemi"},{"menuName":"Köpek Tasması","url":"/kopek-tasmasi"}],"subCategories":[{"menuName":"Pet Market","url":"/pet","subCategories":[{"menuName":"Kedi Ürünleri","url":"/kedi","subCategories":[]},{"menuName":"Köpek Ürünleri","url":"/kopek","subCategories":[]},{"menuName":"Balık Akvaryum","url":"/balik-akvaryum","subCategories":[]},{"menuName":"Kemirgen & Sürüngen Ürünleri","url":"/kemirgen-surungen","subCategories":[]},{"menuName":"Kuş Malzemeleri","url":"/kus","subCategories":[]}]},{"menuName":"Kedi Ürünleri","url":"/kedi","subCategories":[{"menuName":"Kuru Kedi Maması","url":"/kuru-kedi-mamasi","subCategories":[]},{"menuName":"Kedi Kumu","url":"/kedi-kumu","subCategories":[]},{"menuName":"Yaş Kedi Maması","url":"/konserve-yas-kedi-mamasi","subCategories":[]},{"menuName":"Kedi Oyuncakları","url":"/kedi-oyuncaklari","subCategories":[]},{"menuName":"Kedi Ödülü","url":"/kedi-odulu","subCategories":[]},{"menuName":"Kedi Su Kabı","url":"/kedi-mama-su-kabi","subCategories":[]}]},{"menuName":"Kedi Bakımı","url":"/kedi","subCategories":[{"menuName":"Kedi Kulak Bakımı","url":"/kedi-kulak-bakimi","subCategories":[]},{"menuName":"Kedi Göz Bakımı","url":"/kedi-goz-bakimi","subCategories":[]},{"menuName":"Kedi Şampuanı","url":"/kedi-sampuani","subCategories":[]},{"menuName":"Kedi Tırnak Makası","url":"/kedi-tirnak-makasi","subCategories":[]},{"menuName":"Kedi Tarak Fırçası","url":"/kedi-tarak-fircasi","subCategories":[]}]},{"menuName":"Köpek Ürünleri","url":"/kopek","subCategories":[{"menuName":"Kuru Köpek Maması","url":"/kuru-kopek-mamasi","subCategories":[]},{"menuName":"Konserve Köpek Maması","url":"/kopek-konserve-mamasi","subCategories":[]},{"menuName":"Köpek Tasması","url":"/kopek-tasmasi","subCategories":[]},{"menuName":"Köpek Oyuncakları","url":"/kopek-oyuncaklari","subCategories":[]},{"menuName":"Köpek Su Kabı","url":"/kopek-mama-su-kabi","subCategories":[]}]},{"menuName":"Köpek Bakımı","url":"/kopek","subCategories":[{"menuName":"Köpek Şampuanı","url":"/kopek-sampuani","subCategories":[]},{"menuName":"Köpek Vitamini","url":"/kopek-vitamini","subCategories":[]},{"menuName":"Köpek Banyo Malzemesi","url":"/kopek-banyo-malzemesi","subCategories":[]},{"menuName":"Köpek Parfüm","url":"/kopek-parfumu","subCategories":[]},{"menuName":"Köpek Temizlik Mendili","url":"/kopek-temizlik-mendili","subCategories":[]}]},{"menuName":"Kuş Malzemeleri","url":"/kus","subCategories":[{"menuName":"Kuş Kafesi","url":"/kus-kafesi","subCategories":[]},{"menuName":"Kuş Yemi","url":"/kus-yemi","subCategories":[]},{"menuName":"Kuş Oyuncakları","url":"/kus-oyuncaklari","subCategories":[]},{"menuName":"Kuş Kraker Ödül","url":"/kus-kraker-odul","subCategories":[]},{"menuName":"Kuş Suluğu","url":"/kus-sulugu","subCategories":[]},{"menuName":"Kuş Banyosu","url":"/kus-banyosu","subCategories":[]},{"menuName":"Kuş Yuvası","url":"/kus-yuvasi","subCategories":[]}]},{"menuName":"Balık & Akvaryum","url":"/balik-akvaryum","subCategories":[{"menuName":"Balık Yemi","url":"/balik-yemi","subCategories":[]},{"menuName":"Akvaryum Dış Filtre","url":"/akvaryum-dis-filtre","subCategories":[]},{"menuName":"Akvaryum Aksesuarları","url":"/akvaryum-aksesuari","subCategories":[]},{"menuName":"Akvaryum Hava Motoru","url":"/akvaryum-hava-motoru","subCategories":[]},{"menuName":"Akvaryum Dekor Süsü","url":"/akvaryum-dekor-susu","subCategories":[]}]},{"menuName":"Kemirgen & Sürüngen","url":"/kemirgen-surungen","subCategories":[{"menuName":"Kemirgen Yemi","url":"/kemirgen-surungen-yemi","subCategories":[]},{"menuName":"Kemirgen Aksesuarları","url":"/kemirgen-surungen-aksesuari","subCategories":[]},{"menuName":"Kemirgen Kafesi","url":"/kemirgen-surungen-kafes-tasima","subCategories":[]},{"menuName":"Kemirgen Suluk","url":"/kemirgen-surungen-yemlik-suluk","subCategories":[]},{"menuName":"Kaplumbağa Bahçesi","url":"/kaplumbaga-bahcesi","subCategories":[]}]}]},{"menuName":"Cimri Markette","url":"/market","icon":"cimri-icon-shopping-basket-cimri-market","popularCategories":[{"menuName":"Meyve","url":"/market/meyve"},{"menuName":"Sebze","url":"/market/sebze"},{"menuName":"Dondurma","url":"/market/dondurma"},{"menuName":"Çay","url":"/market/cay"},{"menuName":"Kahve","url":"/market/kahve"},{"menuName":"Tereyağ ve Margarin","url":"/market/tereyag-ve-margarin"},{"menuName":"Çamaşır Deterjanı","url":"/market/camasir-deterjani"},{"menuName":"Süt","url":"/market/sut"},{"menuName":"Temizlik Malzemeleri","url":"/market/temizlik-malzemeleri"},{"menuName":"Tuvalet Kağıdı","url":"/market/tuvalet-kagidi"}],"subCategories":[{"menuName":"Gıda","url":"/market/gida","subCategories":[{"menuName":"Bakliyat","url":"/market/bakliyat","subCategories":[]},{"menuName":"Konserve","url":"/market/konserve","subCategories":[]},{"menuName":"Makarna","url":"/market/makarnalar","subCategories":[]},{"menuName":"Sıvı Yağ ve Zeytin Yağı","url":"/market/sivi-yag-zeytinyagi","subCategories":[]},{"menuName":"Toz ve Küp Şeker","url":"/market/toz-ve-kup-seker","subCategories":[]},{"menuName":"Tatlı ve Pasta","url":"/market/tatli-ve-pasta-malzemeleri","subCategories":[]}]},{"menuName":"Meyve, Sebze","url":"/market/meyve-ve-sebze","subCategories":[{"menuName":"Patates","url":"/market/sebze?filtre=urun-tipi:patates","subCategories":[]},{"menuName":"Soğan","url":"/market/sebze?filtre=urun-tipi:sogan","subCategories":[]},{"menuName":"Domates","url":"/market/sebze?filtre=urun-tipi:domates","subCategories":[]},{"menuName":"Salatalık","url":"/market/sebze?filtre=urun-tipi:salatalik","subCategories":[]},{"menuName":"Biber","url":"/market/sebze?filtre=urun-tipi:biber","subCategories":[]},{"menuName":"Elma","url":"/market/sebze?filtre=urun-tipi:elma","subCategories":[]},{"menuName":"Muz","url":"/market/sebze?filtre=urun-tipi:muz","subCategories":[]},{"menuName":"Erik","url":"/market/sebze?filtre=urun-tipi:erik","subCategories":[]}]},{"menuName":"Atıştırmalık","url":"/market/atistirmalik","subCategories":[{"menuName":"Dondurma","url":"/market/dondurma","subCategories":[]},{"menuName":"Cips","url":"/market/cips","subCategories":[]},{"menuName":"Çikolata","url":"/market/cikolata-ve-gofret","subCategories":[]},{"menuName":"Bisküvi ve Kek","url":"/market/biskuvi-ve-kek","subCategories":[]},{"menuName":"Kuruyemiş","url":"/market/kuruyemis","subCategories":[]},{"menuName":"Kraker ve Kurabiye","url":"/market/kraker-ve-kurabiye","subCategories":[]}]},{"menuName":"Süt ve Kahvaltılık","url":"/market/sut-ve-kahvaltilik","subCategories":[{"menuName":"Süt","url":"/market/sut","subCategories":[]},{"menuName":"Yoğurt","url":"/market/yogurt","subCategories":[]},{"menuName":"Peynir","url":"/market/peynir","subCategories":[]},{"menuName":"Zeytin","url":"/market/zeytin","subCategories":[]},{"menuName":"Yumurta","url":"/market/yumurta","subCategories":[]},{"menuName":"Tereyağ ve Margarin","url":"/market/tereyag-ve-margarin","subCategories":[]},{"menuName":"Sürülebilir","url":"/market/surulebilir","subCategories":[]}]},{"menuName":"İçecek","url":"/market/icecek","subCategories":[{"menuName":"Su","url":"/market/su","subCategories":[]},{"menuName":"Çay","url":"/market/cay","subCategories":[]},{"menuName":"Kahve","url":"/market/kahve","subCategories":[]},{"menuName":"Limonata ve Meyve Suyu","url":"/market/limonata-ve-meyve-suyu","subCategories":[]},{"menuName":"Gazlı İçecek","url":"/market/gazli-icecek","subCategories":[]},{"menuName":"Ayran","url":"/market/ayran","subCategories":[]},{"menuName":"Maden Suyu ve Soda","url":"/market/maden-suyu-ve-soda","subCategories":[]}]},{"menuName":"Et, Tavuk ve Balık","url":"/market/et-tavuk-ve-balik","subCategories":[{"menuName":"Kırmızı Et","url":"/market/kirmizi-et","subCategories":[]},{"menuName":"Beyaz Et","url":"/market/beyaz-et","subCategories":[]},{"menuName":"Deniz Ürünü","url":"/market/deniz-urunu","subCategories":[]},{"menuName":"Sucuk","url":"/market/sarkuteri?filtre=urun-tipi:sucuk","subCategories":[]},{"menuName":"Pastırma","url":"/market/sarkuteri?filtre=urun-tipi:pastirma","subCategories":[]},{"menuName":"Salam","url":"/market/sarkuteri?filtre=urun-tipi:salam","subCategories":[]},{"menuName":"Sosis","url":"/market/sarkuteri?filtre=urun-tipi:sosis","subCategories":[]}]},{"menuName":"Deterjan ve Temizlik Ürünleri","url":"/market/deterjan-ve-temizlik-urunleri","subCategories":[{"menuName":"Temizlik Malzemeleri","url":"/market/temizlik-malzemeleri","subCategories":[]},{"menuName":"Çamaşır Deterjanı","url":"/market/camasir-deterjani","subCategories":[]},{"menuName":"Kağıt Havlu","url":"/market/kagit-havlu","subCategories":[]},{"menuName":"Tuvalet Kağıdı","url":"/market/tuvalet-kagidi","subCategories":[]},{"menuName":"Bulaşık Deterjanı","url":"/market/bulasik-deterjani","subCategories":[]}]},{"menuName":"Mutfak Sarf Malzemeleri","url":"/market/mutfak-sarf-malzemeleri","subCategories":[{"menuName":"Fırın Torbası","url":"/market/firin-torbasi","subCategories":[]},{"menuName":"Alüminyum Folyo","url":"/market/aluminyum-folyo","subCategories":[]},{"menuName":"Pişirme Kağıdı","url":"/market/pisirme-kagidi","subCategories":[]},{"menuName":"Streç Film","url":"/market/strec-film","subCategories":[]},{"menuName":"Buzdolabı Poşeti","url":"/market/buzdolabi-poseti","subCategories":[]},{"menuName":"Çöp Poşetleri","url":"/market/cop-posetleri","subCategories":[]}]}]}],"popularSearches":[{"name":"iPhone 17","url":"/cep-telefonlari/en-ucuz-apple-iphone-17-fiyatlari,a2393572193"},{"name":"Galaxy A56","url":"/cep-telefonlari/en-ucuz-samsung-galaxy-a56-fiyatlari,a2372353093"},{"name":"Buzdolabı","url":"/buzdolaplari"},{"name":"PS 5 Pro","url":"/oyun-konsollari/en-ucuz-sony-playstation-5-pro-2tb-oyun-konsolu-fiyatlari,2389804611"},{"name":"AirPods Pro 3","url":"/bluetooth-kulaklik/en-ucuz-apple-airpods-pro-3-nesil-bluetooth-kulaklik-fiyatlari,2502964135"},{"name":"Xiaomi 14T Pro","url":"/cep-telefonlari/en-ucuz-xiaomi-14t-pro-fiyatlari,a2372365900"}],"searchTerm":"kedi mamasi","storeLinks":[{"name":"appStore","link":"https://apps.apple.com/app/apple-store/id1413085320?pt=119144653&ct=web-redirect&mt=8","label":"Download on App Store","width":152},{"name":"googlePlay","link":"https://play.google.com/store/apps/details?id=com.cimrimobilevoyager&referrer=utm_source%3Dcimri.com%26utm_medium%3Dweb%26utm_campaign%3Dweb-redirect","label":"Download on Google Play","width":135},{"name":"appGallery","link":"https://appgallery.cloud.huawei.com/ag/n/app/C100962041?locale=tr_TR&source=appshare&subsource=C100962041","label":"Download on AppGallery","width":134}]},"pageType":"SEARCH","analyticsPageType":"urun-listeleme","search":{"numFound":43755,"query":{"page":1,"limit":32,"keyword":"kedi mamasi","isDiscountedFilter":false,"sort":"rank,desc"},"products":[{"isFakeProduct":false,"isDeletedProduct":false,"isAllOffersPassive":false,"id":80966731,"title":"Royal Canin 4 kg Sensible Kuru Kedi Maması","url":"/kuru-kedi-mamasi/en-ucuz-royal-canin-regular-sensible-33-4-kg-yetiskin-kedi-mamasi-fiyatlari,80966731","merchantCount":15,"imageId":200068087,"isAdult":null,"badge":{"isNew":false,"discountRatio":0,"originalDiscountRatio":0},"unitType":"kg","topOffers":[{"id":1969937096,"price":1099,"merchant":{"id":15870,"name":"Petidi","noJump":false},"unitPrice":487.25,"tags":["cheapest"],"installments":[],"campaigns":[],"originalPrice":1099,"maxPrice":1099,"showMaxPrice":false,"priceOrder":1},{"id":1640434022,"price":1452,"merchant":{"id":11512,"name":"PttAVM","noJump":false},"unitPrice":363,"tags":[],"installments":[],"campaigns":[],"originalPrice":1452,"maxPrice":1452,"showMaxPrice":false,"priceOrder":2},{"id":1652582178,"price":1827.37,"merchant":{"id":16742,"name":"petimemama","noJump":false},"unitPrice":456.8425,"tags":[],"installments":[],"campaigns":[],"originalPrice":1827.37,"maxPrice":1827.37,"showMaxPrice":false,"priceOrder":3}],"offerCount":31,"category":{"id":"3905","name":"Kuru Kedi Maması","slug":"kuru-kedi-mamasi"},"brand":{"id":7805,"name":"Royal Canin","slug":"royal-canin"},"score":null,"seoStatus":null,"itemType":0,"ctaText":"31 fiyatı incele"},{"isFakeProduct":false,"isDeletedProduct":false,"isAllOffersPassive":false,"id":885440220,"title":"Pro Plan Kitten Tavuk ve Pirinçli 10 kg Yavru Kedi Maması","url":"/kuru-kedi-mamasi/en-ucuz-pro-plan-kitten-tavuk-ve-pirincli-10-kg-yavru-kedi-mamasi-fiyatlari,885440220","merchantCount":16,"imageId":927325169,"isAdult":null,"badge":{"isNew":false,"discountRatio":0,"originalDiscountRatio":0},"unitType":"kg","topOffers":[{"id":1974066550,"price":2800,"merchant":{"id":9968,"name":"idefix","noJump":false},"unitPrice":280,"tags":["cheapest"],"installments":[],"campaigns":[],"originalPrice":2800,"maxPrice":2800,"showMaxPrice":false,"priceOrder":1},{"id":1214017012,"price":3186.24,"merchant":{"id":12929,"name":"Pazarama","noJump":false},"unitPrice":318.62399999999997,"tags":[],"installments":[],"campaigns":[],"originalPrice":3186.24,"maxPrice":3186.24,"showMaxPrice":false,"priceOrder":2},{"id":1311301307,"price":3212.92,"merchant":{"id":11512,"name":"PttAVM","noJump":false},"unitPrice":321.29200000000003,"tags":[],"installments":[],"campaigns":[{"slogan":"Sepette 100 TL: 100CİMRİ","campaignPrice":3212.92}],"originalPrice":3312.92,"maxPrice":3312.92,"showMaxPrice":true,"priceOrder":3}],"offerCount":43,"category":{"id":"3905","name":"Kuru Kedi Maması","slug":"kuru-kedi-mamasi"},"brand":{"id":7810,"name":"Pro Plan","slug":"pro-plan"},"score":null,"seoStatus":null,"itemType":0,"ctaText":"43 fiyatı incele"},{"isFakeProduct":false,"isDeletedProduct":false,"isAllOffersPassive":false,"id":691511,"title":"Royal Canin 15 kg Fit 32 Yetişkin Kedi Maması","url":"/kuru-kedi-mamasi/en-ucuz-royal-canin-fit-32-15-kg-yetiskin-kedi-mamasi-fiyatlari,691511","merchantCount":23,"imageId":589153294,"isAdult":null,"badge":{"isNew":false,"discountRatio":0,"originalDiscountRatio":0},"unitType":"kg","topOffers":[{"id":241469433,"price":5051,"merchant":{"id":10370,"name":"Amazon","noJump":false},"unitPrice":336.73333333333335,"tags":["cheapest"],"installments":[{"count":3}],"campaigns":[],"originalPrice":5051,"maxPrice":5051,"showMaxPrice":false,"priceOrder":1},{"id":1464534479,"price":5144.64,"merchant":{"id":12929,"name":"Pazarama","noJump":false},"unitPrice":342.976,"tags":[],"installments":[],"campaigns":[],"originalPrice":5144.64,"maxPrice":5144.64,"showMaxPrice":false,"priceOrder":2},{"id":1948777815,"price":5159,"merchant":{"id":7000,"name":"n11","noJump":false},"unitPrice":343.93333333333334,"tags":[],"installments":[],"campaigns":[],"originalPrice":5159,"maxPrice":5159,"showMaxPrice":false,"priceOrder":3}],"offerCount":47,"category":{"id":"3905","name":"Kuru Kedi Maması","slug":"kuru-kedi-mamasi"},"brand":{"id":7805,"name":"Royal Canin","slug":"royal-canin"},"score":null,"seoStatus":null,"itemType":0,"ctaText":"47 fiyatı incele"},{"isFakeProduct":false,"isDeletedProduct":false,"isAllOffersPassive":false,"id":473999392,"title":"Pro Plan Derma Plus Somonlu 10 kg Yetişkin Kedi Maması","url":"/kuru-kedi-mamasi/en-ucuz-pro-plan-derma-plus-somonlu-10-kg-yetiskin-kedi-mamasi-fiyatlari,473999392","merchantCount":12,"imageId":590591618,"isAdult":null,"badge":{"isNew":false,"discountRatio":0,"originalDiscountRatio":0},"unitType":"kg","topOffers":[{"id":657770286,"price":3585.99,"merchant":{"id":10370,"name":"Amazon","noJump":false},"unitPrice":358.599,"tags":["cheapest"],"installments":[{"count":3}],"campaigns":[],"originalPrice":3585.99,"maxPrice":3585.99,"showMaxPrice":false,"priceOrder":1},{"id":1871057054,"price":3685.03,"merchant":{"id":9968,"name":"idefix","noJump":false},"unitPrice":368.50300000000004,"tags":[],"installments":[],"campaigns":[],"originalPrice":3685.03,"maxPrice":3685.03,"showMaxPrice":false,"priceOrder":2},{"id":1780121331,"price":3728,"merchant":{"id":11512,"name":"PttAVM","noJump":false},"unitPrice":372.8,"tags":[],"installments":[],"campaigns":[{"slogan":"Sepette 100 TL: 100CİMRİ","campaignPrice":3728}],"originalPrice":3828,"maxPrice":3828,"showMaxPrice":true,"priceOrder":3}],"offerCount":26,"category":{"id":"3905","name":"Kuru Kedi Maması","slug":"kuru-kedi-mamasi"},"brand":{"id":7810,"name":"Pro Plan","slug":"pro-plan"},"score":null,"seoStatus":null,"itemType":0,"ctaText":"26 fiyatı incele"},{"isFakeProduct":false,"isDeletedProduct":false,"isAllOffersPassive":false,"id":107843023,"title":"Enjoy Tavuklu 2x15 kg Yetişkin Kedi Maması","url":"/kuru-kedi-mamasi/en-ucuz-enjoy-tavuklu-2x15-kg-yetiskin-kedi-mamasi-fiyatlari,107843023","merchantCount":6,"imageId":532251591,"isAdult":null,"badge":{"isNew":false,"discountRatio":0,"originalDiscountRatio":0},"unitType":"kg","topOffers":[{"id":1717352290,"price":2450,"merchant":{"id":11512,"name":"PttAVM","noJump":false},"unitPrice":163.33333333333334,"tags":["cheapest"],"installments":[],"campaigns":[{"slogan":"Sepette 100 TL: 100CİMRİ","campaignPrice":2450}],"originalPrice":2550,"maxPrice":2550,"showMaxPrice":true,"priceOrder":1},{"id":1772457334,"price":2549.9,"merchant":{"id":10719,"name":"Petzzshop","noJump":false},"unitPrice":169.99333333333334,"tags":[],"installments":[],"campaigns":[],"originalPrice":2549.9,"maxPrice":2549.9,"showMaxPrice":false,"priceOrder":2},{"id":1755932163,"price":2579.11,"merchant":{"id":9968,"name":"idefix","noJump":false},"unitPrice":171.9406666666667,"tags":[],"installments":[],"campaigns":[],"originalPrice":2579.11,"maxPrice":2579.11,"showMaxPrice":false,"priceOrder":3}],"offerCount":10,"category":{"id":"3905","name":"Kuru Kedi Maması","slug":"kuru-kedi-mamasi"},"brand":{"id":3733,"name":"Enjoy","slug":"enjoy"},"score":null,"seoStatus":null,"itemType":0,"ctaText":"10 fiyatı incele"},{"isFakeProduct":false,"isDeletedProduct":false,"isAllOffersPassive":false,"id":2200578143,"title":"Challenge Adult Kuzu Etli 15 KG Yetişkin Kedi Maması","url":"/kuru-kedi-mamasi/en-ucuz-challenge-adult-kuzu-etli-15-kg-yetiskin-kedi-mamasi-fiyatlari,2200578143","merchantCount":7,"imageId":807381030,"isAdult":null,"badge":{"isNew":false,"discountRatio":0,"originalDiscountRatio":0},"unitType":"kg","topOffers":[{"id":1478984668,"price":847,"merchant":{"id":10370,"name":"Amazon","noJump":false},"unitPrice":56.46666666666667,"tags":["cheapest"],"installments":[{"count":3}],"campaigns":[],"originalPrice":847,"maxPrice":847,"showMaxPrice":false,"priceOrder":1},{"id":1901507928,"price":900,"merchant":{"id":12059,"name":"Zoopet","noJump":false},"unitPrice":60,"tags":[],"installments":[],"campaigns":[],"originalPrice":900,"maxPrice":900,"showMaxPrice":false,"priceOrder":2},{"id":1738552672,"price":919.9,"merchant":{"id":10719,"name":"Petzzshop","noJump":false},"unitPrice":61.32666666666667,"tags":[],"installments":[],"campaigns":[],"originalPrice":919.9,"maxPrice":919.9,"showMaxPrice":false,"priceOrder":3}],"offerCount":7,"category":{"id":"3905","name":"Kuru Kedi Maması","slug":"kuru-kedi-mamasi"},"brand":{"id":84000,"name":"Challenge","slug":"challenge"},"score":null,"seoStatus":null,"itemType":0,"ctaText":"7 fiyatı incele"},{"isFakeProduct":false,"isDeletedProduct":false,"isAllOffersPassive":false,"id":2094172554,"title":"Royal Canin Sterilised 37 Kısırlaştırılmış 10 kg Açık Mama Kedi Maması","url":"/acik-kedi-mamalari/en-ucuz-royal-canin-sterilised-37-kisirlastirilmis-10-kg-acik-mama-kedi-mamasi-fiyatlari,2094172554","merchantCount":3,"imageId":796847905,"isAdult":null,"badge":{"isNew":false,"discountRatio":0,"originalDiscountRatio":0},"unitType":null,"topOffers":[{"id":1221593018,"price":2450.25,"merchant":{"id":11512,"name":"PttAVM","noJump":false},"unitPrice":null,"tags":["cheapest"],"installments":[],"campaigns":[],"originalPrice":2450.25,"maxPrice":2450.25,"showMaxPrice":false,"priceOrder":1},{"id":1810633440,"price":4499.02,"merchant":{"id":9968,"name":"idefix","noJump":false},"unitPrice":null,"tags":[],"installments":[],"campaigns":[],"originalPrice":4499.02,"maxPrice":4499.02,"showMaxPrice":false,"priceOrder":2},{"id":1791365996,"price":5570.29,"merchant":{"id":1497,"name":"Hepsiburada","noJump":false},"unitPrice":null,"tags":[],"installments":[{"count":3}],"campaigns":[],"originalPrice":5570.29,"maxPrice":5570.29,"showMaxPrice":false,"priceOrder":3}],"offerCount":9,"category":{"id":"5623","name":"Açık Kedi Mamaları","slug":"acik-kedi-mamalari"},"brand":{"id":7805,"name":"Royal Canin","slug":"royal-canin"},"score":null,"seoStatus":null,"itemType":0,"ctaText":"9 fiyatı incele"},{"isFakeProduct":false,"isDeletedProduct":false,"isAllOffersPassive":false,"id":2296534127,"title":"Felix Karışık Yetişkin 104 x85 gr Yaş Kedi Maması","url":"/konserve-yas-kedi-mamasi/en-ucuz-felix-karisik-yetiskin-104-x85-gr-yas-kedi-mamasi-fiyatlari,2296534127","merchantCount":6,"imageId":870540189,"isAdult":null,"badge":{"isNew":false,"discountRatio":0,"originalDiscountRatio":0},"unitType":null,"topOffers":[{"id":1972560893,"price":1849.99,"merchant":{"id":1497,"name":"Hepsiburada","noJump":false},"unitPrice":null,"tags":["cheapest"],"installments":[{"count":3}],"campaigns":[],"originalPrice":1849.99,"maxPrice":1849.99,"showMaxPrice":false,"priceOrder":1},{"id":1939730417,"price":2041.84,"merchant":{"id":9968,"name":"idefix","noJump":false},"unitPrice":null,"tags":[],"installments":[],"campaigns":[],"originalPrice":2041.84,"maxPrice":2041.84,"showMaxPrice":false,"priceOrder":2},{"id":1973482923,"price":2131.13,"merchant":{"id":12929,"name":"Pazarama","noJump":false},"unitPrice":null,"tags":[],"installments":[],"campaigns":[],"originalPrice":2131.13,"maxPrice":2131.13,"showMaxPrice":false,"priceOrder":3}],"offerCount":10,"category":{"id":"3906","name":"Konserve-Yaş Kedi Maması","slug":"konserve-yas-kedi-mamasi"},"brand":{"id":450,"name":"Felix","slug":"felix"},"score":null,"seoStatus":null,"itemType":0,"ctaText":"10 fiyatı incele"},{"isFakeProduct":false,"isDeletedProduct":false,"isAllOffersPassive":false,"id":1517608494,"title":"Felix Karışık Paket Pouch 26x85 gr Kedi Yaş Maması","url":"/konserve-yas-kedi-mamasi/en-ucuz-felix-karisik-paket-pouch-26x85-gr-kedi-yas-mamasi-fiyatlari,1517608494","merchantCount":7,"imageId":678639444,"isAdult":null,"badge":{"isNew":false,"discountRatio":0,"originalDiscountRatio":0},"unitType":null,"topOffers":[{"id":1836039577,"price":535,"merchant":{"id":1497,"name":"Hepsiburada","noJump":false},"unitPrice":null,"tags":["cheapest"],"installments":[],"campaigns":[],"originalPrice":535,"maxPrice":535,"showMaxPrice":false,"priceOrder":1},{"id":1848134133,"price":577.99,"merchant":{"id":9968,"name":"idefix","noJump":false},"unitPrice":null,"tags":[],"installments":[],"campaigns":[],"originalPrice":577.99,"maxPrice":577.99,"showMaxPrice":false,"priceOrder":2},{"id":1379369885,"price":640.13,"merchant":{"id":11512,"name":"PttAVM","noJump":false},"unitPrice":null,"tags":[],"installments":[],"campaigns":[],"originalPrice":640.13,"maxPrice":640.13,"showMaxPrice":false,"priceOrder":3}],"offerCount":23,"category":{"id":"3906","name":"Konserve-Yaş Kedi Maması","slug":"konserve-yas-kedi-mamasi"},"brand":{"id":450,"name":"Felix","slug":"felix"},"score":null,"seoStatus":null,"itemType":0,"ctaText":"23 fiyatı incele"},{"isFakeProduct":false,"isDeletedProduct":false,"isAllOffersPassive":false,"id":631347902,"title":"Wanpy 25x14 gr Karışık Sıvı Kedi Ödülü Kedi Ödül Maması","url":"/kedi-odulu/en-ucuz-wanpy-25x14-gr-karisik-sivi-kedi-odulu-kedi-odul-mamasi-fiyatlari,631347902","merchantCount":12,"imageId":303539429,"isAdult":null,"badge":{"isNew":false,"discountRatio":0,"originalDiscountRatio":0},"unitType":null,"topOffers":[{"id":613775420,"price":301.81,"merchant":{"id":10370,"name":"Amazon","noJump":false},"unitPrice":null,"tags":["buybox","recommended"],"installments":[{"count":3}],"campaigns":[],"originalPrice":301.81,"maxPrice":301.81,"showMaxPrice":false,"priceOrder":3},{"id":1151661830,"price":269,"merchant":{"id":13919,"name":"Bidolu Pet","noJump":false},"unitPrice":null,"tags":["cheapest"],"installments":[],"campaigns":[],"originalPrice":269,"maxPrice":269,"showMaxPrice":false,"priceOrder":1},{"id":1926852082,"price":287.91,"merchant":{"id":12929,"name":"Pazarama","noJump":false},"unitPrice":null,"tags":[],"installments":[],"campaigns":[],"originalPrice":287.91,"maxPrice":287.91,"showMaxPrice":false,"priceOrder":2}],"offerCount":38,"category":{"id":"3914","name":"Kedi Ödülü","slug":"kedi-odulu"},"brand":{"id":30015,"name":"Wanpy","slug":"wanpy"},"score":null,"seoStatus":null,"itemType":0,"ctaText":"38 fiyatı incele"},{"isFakeProduct":false,"isDeletedProduct":false,"isAllOffersPassive":false,"id":2276771514,"title":"Peteko Tavuklu 15 kg Yetişkin Kedi Maması","url":"/kuru-kedi-mamasi/en-ucuz-peteko-tavuklu-15-kg-yetiskin-kedi-mamasi-fiyatlari,2276771514","merchantCount":4,"imageId":843268320,"isAdult":null,"badge":{"isNew":false,"discountRatio":0,"originalDiscountRatio":0},"unitType":"kg","topOffers":[{"id":1950359126,"price":872.9,"merchant":{"id":9968,"name":"idefix","noJump":false},"unitPrice":58.193333333333335,"tags":["cheapest"],"installments":[],"campaigns":[],"originalPrice":872.9,"maxPrice":872.9,"showMaxPrice":false,"priceOrder":1},{"id":1946187044,"price":1000,"merchant":{"id":1497,"name":"Hepsiburada","noJump":false},"unitPrice":66.66666666666667,"tags":[],"installments":[{"count":3}],"campaigns":[],"originalPrice":1000,"maxPrice":1000,"showMaxPrice":false,"priceOrder":2},{"id":1890989838,"price":1200,"merchant":{"id":13719,"name":"Evcil Sepetim","noJump":false},"unitPrice":80,"tags":[],"installments":[],"campaigns":[],"originalPrice":1200,"maxPrice":1200,"showMaxPrice":false,"priceOrder":3}],"offerCount":6,"category":{"id":"3905","name":"Kuru Kedi Maması","slug":"kuru-kedi-mamasi"},"brand":{"id":86807,"name":"Peteko","slug":"peteko"},"score":null,"seoStatus":null,"itemType":0,"ctaText":"6 fiyatı incele"},{"isFakeProduct":false,"isDeletedProduct":false,"isAllOffersPassive":false,"id":881570517,"title":"Bonnie 10 kg Dana Etli Yetişkin Kuru Kedi Maması","url":"/kuru-kedi-mamasi/en-ucuz-bonnie-10-kg-dana-etli-yetiskin-kuru-kedi-mamasi-fiyatlari,881570517","merchantCount":6,"imageId":588742545,"isAdult":null,"badge":{"isNew":false,"discountRatio":0,"originalDiscountRatio":0},"unitType":"kg","topOffers":[{"id":1524016384,"price":744.95,"merchant":{"id":10370,"name":"Amazon","noJump":false},"unitPrice":74.495,"tags":["cheapest"],"installments":[{"count":3}],"campaigns":[],"originalPrice":744.95,"maxPrice":744.95,"showMaxPrice":false,"priceOrder":1},{"id":1859951279,"price":989.1,"merchant":{"id":9968,"name":"idefix","noJump":false},"unitPrice":98.91,"tags":[],"installments":[],"campaigns":[],"originalPrice":989.1,"maxPrice":989.1,"showMaxPrice":false,"priceOrder":2},{"id":1787031040,"price":1067,"merchant":{"id":12929,"name":"Pazarama","noJump":false},"unitPrice":106.7,"tags":[],"installments":[],"campaigns":[],"originalPrice":1067,"maxPrice":1067,"showMaxPrice":false,"priceOrder":3}],"offerCount":14,"category":{"id":"3905","name":"Kuru Kedi Maması","slug":"kuru-kedi-mamasi"},"brand":{"id":7818,"name":"Bonnie","slug":"bonnie"},"score":null,"seoStatus":null,"itemType":0,"ctaText":"14 fiyatı incele"},{"isFakeProduct":false,"isDeletedProduct":false,"isAllOffersPassive":false,"id":691348,"title":"Royal Canin British Shorthair 2 kg Yetişkin Kedi Maması","url":"/kuru-kedi-mamasi/en-ucuz-royal-canin-british-shorthair-2-kg-yetiskin-kedi-mamasi-fiyatlari,691348","merchantCount":26,"imageId":346228727,"isAdult":null,"badge":{"isNew":false,"discountRatio":0,"originalDiscountRatio":0},"unitType":"kg","topOffers":[{"id":241469516,"price":1070.1,"merchant":{"id":10370,"name":"Amazon","noJump":false},"unitPrice":535.05,"tags":["cheapest"],"installments":[{"count":3}],"campaigns":[],"originalPrice":1070.1,"maxPrice":1070.1,"showMaxPrice":false,"priceOrder":1},{"id":1954421190,"price":1070.1,"merchant":{"id":1497,"name":"Hepsiburada","noJump":false},"unitPrice":535.05,"tags":[],"installments":[{"count":3}],"campaigns":[],"originalPrice":1070.1,"maxPrice":1070.1,"showMaxPrice":false,"priceOrder":2},{"id":1969937104,"price":1129,"merchant":{"id":15870,"name":"Petidi","noJump":false},"unitPrice":564.5,"tags":[],"installments":[],"campaigns":[],"originalPrice":1129,"maxPrice":1129,"showMaxPrice":false,"priceOrder":3}],"offerCount":61,"category":{"id":"3905","name":"Kuru Kedi Maması","slug":"kuru-kedi-mamasi"},"brand":{"id":7805,"name":"Royal Canin","slug":"royal-canin"},"score":null,"seoStatus":null,"itemType":0,"ctaText":"61 fiyatı incele"},{"isFakeProduct":false,"isDeletedProduct":false,"isAllOffersPassive":false,"id":524101081,"title":"Purina One Bifensis Sterilcat Sığır Etli 2x800 gr Kısırlaştırılmış Kedi Maması","url":"/konserve-yas-kedi-mamasi/en-ucuz-purina-one-bifensis-sterilcat-sigir-etli-2x800-gr-kisirlastirilmis-kedi-mamasi-fiyatlari,524101081","merchantCount":3,"imageId":418058359,"isAdult":null,"badge":{"isNew":false,"discountRatio":0,"originalDiscountRatio":0},"unitType":null,"topOffers":[{"id":1946860928,"price":413.1,"merchant":{"id":9968,"name":"idefix","noJump":false},"unitPrice":null,"tags":["cheapest"],"installments":[],"campaigns":[],"originalPrice":413.1,"maxPrice":413.1,"showMaxPrice":false,"priceOrder":1},{"id":1962174501,"price":791.1,"merchant":{"id":7000,"name":"n11","noJump":false},"unitPrice":null,"tags":[],"installments":[],"campaigns":[],"originalPrice":791.1,"maxPrice":791.1,"showMaxPrice":false,"priceOrder":2},{"id":748211592,"price":1399,"merchant":{"id":10370,"name":"Amazon","noJump":false},"unitPrice":null,"tags":[],"installments":[{"count":3}],"campaigns":[],"originalPrice":1399,"maxPrice":1399,"showMaxPrice":false,"priceOrder":3}],"offerCount":6,"category":{"id":"3906","name":"Konserve-Yaş Kedi Maması","slug":"konserve-yas-kedi-mamasi"},"brand":{"id":7843,"name":"Purina","slug":"purina"},"score":null,"seoStatus":null,"itemType":0,"ctaText":"6 fiyatı incele"},{"isFakeProduct":false,"isDeletedProduct":false,"isAllOffersPassive":false,"id":69191313,"title":"Paw Paw Tavuklu 15 kg Yavru Kedi Maması","url":"/kuru-kedi-mamasi/en-ucuz-paw-paw-tavuklu-15-kg-yavru-kedi-mamasi-fiyatlari,69191313","merchantCount":6,"imageId":138807000,"isAdult":null,"badge":{"isNew":false,"discountRatio":0,"originalDiscountRatio":0},"unitType":"kg","topOffers":[{"id":1681016772,"price":1156.46,"merchant":{"id":7000,"name":"n11","noJump":false},"unitPrice":77.09733333333334,"tags":["cheapest"],"installments":[],"campaigns":[],"originalPrice":1156.46,"maxPrice":1156.46,"showMaxPrice":false,"priceOrder":1},{"id":1247743834,"price":1160.55,"merchant":{"id":12929,"name":"Pazarama","noJump":false},"unitPrice":77.36999999999999,"tags":[],"installments":[],"campaigns":[],"originalPrice":1160.55,"maxPrice":1160.55,"showMaxPrice":false,"priceOrder":2},{"id":1774243497,"price":1210,"merchant":{"id":11512,"name":"PttAVM","noJump":false},"unitPrice":80.66666666666667,"tags":[],"installments":[],"campaigns":[],"originalPrice":1210,"maxPrice":1210,"showMaxPrice":false,"priceOrder":3}],"offerCount":11,"category":{"id":"3905","name":"Kuru Kedi Maması","slug":"kuru-kedi-mamasi"},"brand":{"id":22660,"name":"Paw Paw","slug":"paw-paw"},"score":null,"seoStatus":null,"itemType":0,"ctaText":"11 fiyatı incele"},{"isFakeProduct":false,"isDeletedProduct":false,"isAllOffersPassive":false,"id":699962833,"title":"Trendline Sterilised Tavuklu 15 kg Kısırlaştırılmış Kuru Kedi Maması","url":"/kuru-kedi-mamasi/en-ucuz-trendline-sterilised-tavuklu-15-kg-kisirlastirilmis-kuru-kedi-mamasi-fiyatlari,699962833","merchantCount":9,"imageId":347089049,"isAdult":null,"badge":{"isNew":false,"discountRatio":0,"originalDiscountRatio":0},"unitType":"kg","topOffers":[{"id":1951701794,"price":1199,"merchant":{"id":10416,"name":"A101","noJump":false},"unitPrice":79.93333333333334,"tags":["cheapest"],"installments":[],"campaigns":[],"originalPrice":1199,"maxPrice":1199,"showMaxPrice":false,"priceOrder":1},{"id":1691835279,"price":1434.9,"merchant":{"id":10719,"name":"Petzzshop","noJump":false},"unitPrice":95.66000000000001,"tags":[],"installments":[],"campaigns":[],"originalPrice":1434.9,"maxPrice":1434.9,"showMaxPrice":false,"priceOrder":2},{"id":1283726094,"price":1485,"merchant":{"id":11512,"name":"PttAVM","noJump":false},"unitPrice":99,"tags":[],"installments":[],"campaigns":[],"originalPrice":1485,"maxPrice":1485,"showMaxPrice":false,"priceOrder":3}],"offerCount":25,"category":{"id":"3905","name":"Kuru Kedi Maması","slug":"kuru-kedi-mamasi"},"brand":{"id":2641,"name":"Trendline","slug":"trendline"},"score":null,"seoStatus":null,"itemType":0,"ctaText":"25 fiyatı incele"},{"isFakeProduct":false,"isDeletedProduct":false,"isAllOffersPassive":false,"id":187613398,"title":"Pro Plan Adult 10 kg Tavuklu Kedi Maması","url":"/kuru-kedi-mamasi/en-ucuz-pro-plan-adult-10-kg-tavuklu-kedi-mamasi-fiyatlari,187613398","merchantCount":8,"imageId":60828710,"isAdult":null,"badge":{"isNew":false,"discountRatio":0,"originalDiscountRatio":0},"unitType":"kg","topOffers":[{"id":1220817517,"price":3085.12,"merchant":{"id":11512,"name":"PttAVM","noJump":false},"unitPrice":308.512,"tags":["cheapest"],"installments":[],"campaigns":[{"slogan":"Sepette 100 TL: 100CİMRİ","campaignPrice":3085.12}],"originalPrice":3185.12,"maxPrice":3185.12,"showMaxPrice":true,"priceOrder":1},{"id":1871055389,"price":3491.03,"merchant":{"id":9968,"name":"idefix","noJump":false},"unitPrice":349.103,"tags":[],"installments":[],"campaigns":[],"originalPrice":3491.03,"maxPrice":3491.03,"showMaxPrice":false,"priceOrder":2},{"id":1779374088,"price":3800,"merchant":{"id":16143,"name":"3a Petshop","noJump":false},"unitPrice":380,"tags":[],"installments":[],"campaigns":[],"originalPrice":3800,"maxPrice":3800,"showMaxPrice":false,"priceOrder":3}],"offerCount":21,"category":{"id":"3905","name":"Kuru Kedi Maması","slug":"kuru-kedi-mamasi"},"brand":{"id":7810,"name":"Pro Plan","slug":"pro-plan"},"score":null,"seoStatus":null,"itemType":0,"ctaText":"21 fiyatı incele"},{"isFakeProduct":false,"isDeletedProduct":false,"isAllOffersPassive":false,"id":2192006836,"title":"Pro Plan Tavuklu Tavuklu 10 kg Yetişkin Kedi Maması","url":"/kuru-kedi-mamasi/en-ucuz-pro-plan-tavuklu-tavuklu-10-kg-yetiskin-kedi-mamasi-fiyatlari,2192006836","merchantCount":4,"imageId":813138068,"isAdult":null,"badge":{"isNew":false,"discountRatio":0,"originalDiscountRatio":0},"unitType":"kg","topOffers":[{"id":1356207772,"price":3233.01,"merchant":{"id":11512,"name":"PttAVM","noJump":false},"unitPrice":323.30100000000004,"tags":["cheapest"],"installments":[],"campaigns":[{"slogan":"Sepette 100 TL: 100CİMRİ","campaignPrice":3233.01}],"originalPrice":3333.01,"maxPrice":3333.01,"showMaxPrice":true,"priceOrder":1},{"id":1871056373,"price":3491.03,"merchant":{"id":9968,"name":"idefix","noJump":false},"unitPrice":349.103,"tags":[],"installments":[],"campaigns":[],"originalPrice":3491.03,"maxPrice":3491.03,"showMaxPrice":false,"priceOrder":2},{"id":1763166411,"price":3800,"merchant":{"id":23557,"name":"Jet Mama Center","noJump":false},"unitPrice":380,"tags":[],"installments":[],"campaigns":[],"originalPrice":3800,"maxPrice":3800,"showMaxPrice":false,"priceOrder":3}],"offerCount":8,"category":{"id":"3905","name":"Kuru Kedi Maması","slug":"kuru-kedi-mamasi"},"brand":{"id":7810,"name":"Pro Plan","slug":"pro-plan"},"score":null,"seoStatus":null,"itemType":0,"ctaText":"8 fiyatı incele"},{"isFakeProduct":false,"isDeletedProduct":false,"isAllOffersPassive":false,"id":2200578142,"title":"Challenge Adult Tavuklu 15 kg Yetişkin Kedi Maması","url":"/kuru-kedi-mamasi/en-ucuz-challenge-adult-tavuklu-15-kg-yetiskin-kedi-mamasi-fiyatlari,2200578142","merchantCount":7,"imageId":812972440,"isAdult":null,"badge":{"isNew":false,"discountRatio":0,"originalDiscountRatio":0},"unitType":"kg","topOffers":[{"id":1453118550,"price":828,"merchant":{"id":10370,"name":"Amazon","noJump":false},"unitPrice":55.2,"tags":["cheapest"],"installments":[{"count":3}],"campaigns":[],"originalPrice":828,"maxPrice":828,"showMaxPrice":false,"priceOrder":1},{"id":1383752959,"price":900,"merchant":{"id":12059,"name":"Zoopet","noJump":false},"unitPrice":60,"tags":[],"installments":[],"campaigns":[],"originalPrice":900,"maxPrice":900,"showMaxPrice":false,"priceOrder":2},{"id":1831678753,"price":990,"merchant":{"id":1497,"name":"Hepsiburada","noJump":false},"unitPrice":66,"tags":[],"installments":[{"count":3}],"campaigns":[],"originalPrice":990,"maxPrice":990,"showMaxPrice":false,"priceOrder":3}],"offerCount":10,"category":{"id":"3905","name":"Kuru Kedi Maması","slug":"kuru-kedi-mamasi"},"brand":{"id":84000,"name":"Challenge","slug":"challenge"},"score":null,"seoStatus":null,"itemType":0,"ctaText":"10 fiyatı incele"},{"isFakeProduct":false,"isDeletedProduct":false,"isAllOffersPassive":false,"id":1390030222,"title":"Pro Plan Sterilised Kısırlaştırılmış Kediler İçin Somonlu Ve Ton Balıklı 3 kg Kedi Maması","url":"/kuru-kedi-mamasi/en-ucuz-pro-plan-sterilised-kisirlastirilmis-kediler-icin-somonlu-ve-ton-balikli-3-kg-kedi-mamasi-fiyatlari,1390030222","merchantCount":6,"imageId":676093150,"isAdult":null,"badge":{"isNew":false,"discountRatio":0,"originalDiscountRatio":0},"unitType":"kg","topOffers":[{"id":1744339775,"price":1145,"merchant":{"id":12929,"name":"Pazarama","noJump":false},"unitPrice":381.6666666666667,"tags":["cheapest"],"installments":[],"campaigns":[],"originalPrice":1145,"maxPrice":1145,"showMaxPrice":false,"priceOrder":1},{"id":1862578149,"price":1322.1,"merchant":{"id":9968,"name":"idefix","noJump":false},"unitPrice":440.7,"tags":[],"installments":[],"campaigns":[],"originalPrice":1322.1,"maxPrice":1322.1,"showMaxPrice":false,"priceOrder":2},{"id":1748919088,"price":1619.99,"merchant":{"id":11512,"name":"PttAVM","noJump":false},"unitPrice":539.9966666666667,"tags":[],"installments":[],"campaigns":[],"originalPrice":1619.99,"maxPrice":1619.99,"showMaxPrice":false,"priceOrder":3}],"offerCount":13,"category":{"id":"3905","name":"Kuru Kedi Maması","slug":"kuru-kedi-mamasi"},"brand":{"id":7810,"name":"Pro Plan","slug":"pro-plan"},"score":null,"seoStatus":null,"itemType":0,"ctaText":"13 fiyatı incele"},{"isFakeProduct":false,"isDeletedProduct":false,"isAllOffersPassive":false,"id":46414897,"title":"Reflex Plus Kuzulu ve Pirinçli 15 kg Yetişkin Kuru Kedi Maması","url":"/kuru-kedi-mamasi/en-ucuz-reflex-plus-kuzulu-ve-pirincli-15-kg-yetiskin-kuru-kedi-mamasi-fiyatlari,46414897","merchantCount":11,"imageId":590802937,"isAdult":null,"badge":{"isNew":false,"discountRatio":0,"originalDiscountRatio":0},"unitType":"kg","topOffers":[{"id":216074898,"price":2234.36,"merchant":{"id":10370,"name":"Amazon","noJump":false},"unitPrice":148.95733333333334,"tags":["buybox","recommended"],"installments":[{"count":3}],"campaigns":[],"originalPrice":2234.36,"maxPrice":2234.36,"showMaxPrice":false,"priceOrder":4},{"id":1968854369,"price":2175,"merchant":{"id":12421,"name":"Alsingross","noJump":false},"unitPrice":145,"tags":["cheapest"],"installments":[],"campaigns":[],"originalPrice":2175,"maxPrice":2175,"showMaxPrice":false,"priceOrder":1},{"id":1595715294,"price":2178,"merchant":{"id":12261,"name":"Mama Al","noJump":false},"unitPrice":145.2,"tags":[],"installments":[],"campaigns":[],"originalPrice":2178,"maxPrice":2178,"showMaxPrice":false,"priceOrder":2},{"id":1690598829,"price":2181.9,"merchant":{"id":10719,"name":"Petzzshop","noJump":false},"unitPrice":145.46,"tags":[],"installments":[],"campaigns":[],"originalPrice":2181.9,"maxPrice":2181.9,"showMaxPrice":false,"priceOrder":3}],"offerCount":16,"category":{"id":"3905","name":"Kuru Kedi Maması","slug":"kuru-kedi-mamasi"},"brand":{"id":7808,"name":"Reflex","slug":"reflex"},"score":null,"seoStatus":null,"itemType":0,"ctaText":"16 fiyatı incele"},{"isFakeProduct":false,"isDeletedProduct":false,"isAllOffersPassive":false,"id":692572264,"title":"Reflex Plus 8 kg Tavuklu Yavru Kedi Maması","url":"/kuru-kedi-mamasi/en-ucuz-reflex-plus-8-kg-tavuklu-yavru-kedi-mamasi-fiyatlari,692572264","merchantCount":12,"imageId":589286519,"isAdult":null,"badge":{"isNew":false,"discountRatio":0,"originalDiscountRatio":0},"unitType":"kg","topOffers":[{"id":1698045614,"price":1156.48,"merchant":{"id":10370,"name":"Amazon","noJump":false},"unitPrice":144.56,"tags":["buybox","recommended"],"installments":[{"count":3}],"campaigns":[],"originalPrice":1156.48,"maxPrice":1156.48,"showMaxPrice":false,"priceOrder":2},{"id":1595715335,"price":1155.3,"merchant":{"id":12261,"name":"Mama Al","noJump":false},"unitPrice":144.4125,"tags":["cheapest"],"installments":[],"campaigns":[],"originalPrice":1155.3,"maxPrice":1155.3,"showMaxPrice":false,"priceOrder":1},{"id":1729106325,"price":1227.36,"merchant":{"id":7000,"name":"n11","noJump":false},"unitPrice":153.42,"tags":[],"installments":[],"campaigns":[],"originalPrice":1227.36,"maxPrice":1227.36,"showMaxPrice":false,"priceOrder":3}],"offerCount":14,"category":{"id":"3905","name":"Kuru Kedi Maması","slug":"kuru-kedi-mamasi"},"brand":{"id":7808,"name":"Reflex","slug":"reflex"},"score":null,"seoStatus":null,"itemType":0,"ctaText":"14 fiyatı incele"},{"isFakeProduct":false,"isDeletedProduct":false,"isAllOffersPassive":false,"id":49338956,"title":"N&D 10 kg Düşük Tahıllı Tavuklu Narlı Yetişkin Kedi Maması","url":"/kuru-kedi-mamasi/en-ucuz-nd-dusuk-tahilli-tavuklu-narli-10-kg-kisirlastirilmis-yetiskin-kedi-mamasi-fiyatlari,49338956","merchantCount":10,"imageId":590822283,"isAdult":null,"badge":{"isNew":false,"discountRatio":0,"originalDiscountRatio":0},"unitType":"kg","topOffers":[{"id":1974299206,"price":3940,"merchant":{"id":9968,"name":"idefix","noJump":false},"unitPrice":394,"tags":["cheapest"],"installments":[],"campaigns":[],"originalPrice":3940,"maxPrice":3940,"showMaxPrice":false,"priceOrder":1},{"id":1842518094,"price":4329,"merchant":{"id":1497,"name":"Hepsiburada","noJump":false},"unitPrice":432.9,"tags":[],"installments":[{"count":3}],"campaigns":[],"originalPrice":4329,"maxPrice":4329,"showMaxPrice":false,"priceOrder":2},{"id":1704993529,"price":4458.9,"merchant":{"id":10719,"name":"Petzzshop","noJump":false},"unitPrice":445.89,"tags":[],"installments":[],"campaigns":[],"originalPrice":4458.9,"maxPrice":4458.9,"showMaxPrice":false,"priceOrder":3}],"offerCount":30,"category":{"id":"3905","name":"Kuru Kedi Maması","slug":"kuru-kedi-mamasi"},"brand":{"id":7855,"name":"N&D","slug":"nd"},"score":null,"seoStatus":null,"itemType":0,"ctaText":"30 fiyatı incele"},{"isFakeProduct":false,"isDeletedProduct":false,"isAllOffersPassive":false,"id":143459233,"title":"Proplan Yetişkin Kediler İçin Somonlu 10 kg Kuru Kedi Maması","url":"/kuru-kedi-mamasi/en-ucuz-proplan-yetiskin-kediler-icin-somonlu-10-kg-kuru-kedi-mamasi-fiyatlari,143459233","merchantCount":3,"imageId":240469508,"isAdult":null,"badge":{"isNew":false,"discountRatio":0,"originalDiscountRatio":0},"unitType":"kg","topOffers":[{"id":1431816673,"price":3014.1,"merchant":{"id":1497,"name":"Hepsiburada","noJump":false},"unitPrice":301.40999999999997,"tags":["cheapest"],"installments":[{"count":3}],"campaigns":[],"originalPrice":3014.1,"maxPrice":3014.1,"showMaxPrice":false,"priceOrder":1},{"id":877674314,"price":3899,"merchant":{"id":10370,"name":"Amazon","noJump":false},"unitPrice":389.9,"tags":[],"installments":[{"count":3}],"campaigns":[],"originalPrice":3899,"maxPrice":3899,"showMaxPrice":false,"priceOrder":2},{"id":1847904325,"price":4006.8199999999997,"merchant":{"id":11512,"name":"PttAVM","noJump":false},"unitPrice":400.68199999999996,"tags":[],"installments":[],"campaigns":[{"slogan":"Sepette 100 TL: 100CİMRİ","campaignPrice":4006.8199999999997}],"originalPrice":4106.82,"maxPrice":4106.82,"showMaxPrice":true,"priceOrder":3}],"offerCount":5,"category":{"id":"3905","name":"Kuru Kedi Maması","slug":"kuru-kedi-mamasi"},"brand":{"id":7810,"name":"Pro Plan","slug":"pro-plan"},"score":null,"seoStatus":null,"itemType":0,"ctaText":"5 fiyatı incele"},{"isFakeProduct":false,"isDeletedProduct":false,"isAllOffersPassive":false,"id":2250337488,"title":"Mito 15 kg Tavuklu Yetişkin Kedi Maması","url":"/kuru-kedi-mamasi/en-ucuz-mito-15-kg-tavuklu-yetiskin-kedi-mamasi-fiyatlari,2250337488","merchantCount":4,"imageId":842972226,"isAdult":null,"badge":{"isNew":false,"discountRatio":0,"originalDiscountRatio":0},"unitType":"kg","topOffers":[{"id":1937914589,"price":1575,"merchant":{"id":23509,"name":"MGS Group","noJump":false},"unitPrice":105,"tags":["cheapest"],"installments":[],"campaigns":[],"originalPrice":1575,"maxPrice":1575,"showMaxPrice":false,"priceOrder":1},{"id":1916479877,"price":1799.1,"merchant":{"id":9968,"name":"idefix","noJump":false},"unitPrice":119.94,"tags":[],"installments":[],"campaigns":[],"originalPrice":1799.1,"maxPrice":1799.1,"showMaxPrice":false,"priceOrder":2},{"id":1947030430,"price":1799.1,"merchant":{"id":7000,"name":"n11","noJump":false},"unitPrice":119.94,"tags":[],"installments":[],"campaigns":[],"originalPrice":1799.1,"maxPrice":1799.1,"showMaxPrice":false,"priceOrder":3}],"offerCount":5,"category":{"id":"3905","name":"Kuru Kedi Maması","slug":"kuru-kedi-mamasi"},"brand":{"id":16225,"name":"Mito","slug":"mito"},"score":null,"seoStatus":null,"itemType":0,"ctaText":"5 fiyatı incele"},{"isFakeProduct":false,"isDeletedProduct":false,"isAllOffersPassive":false,"id":2399091877,"title":"Homie 15 kg Premium Tavuklu Yetişkin Kedi Maması","url":"/kuru-kedi-mamasi/en-ucuz-homie-15-kg-premium-tavuklu-yetiskin-kedi-mamasi-fiyatlari,2399091877","merchantCount":5,"imageId":931856751,"isAdult":null,"badge":{"isNew":false,"discountRatio":0,"originalDiscountRatio":0},"unitType":"kg","topOffers":[{"id":1813785957,"price":1649,"merchant":{"id":16742,"name":"petimemama","noJump":false},"unitPrice":109.93333333333334,"tags":["cheapest"],"installments":[],"campaigns":[],"originalPrice":1649,"maxPrice":1649,"showMaxPrice":false,"priceOrder":1},{"id":1938005588,"price":1950,"merchant":{"id":12929,"name":"Pazarama","noJump":false},"unitPrice":130,"tags":[],"installments":[],"campaigns":[],"originalPrice":1950,"maxPrice":1950,"showMaxPrice":false,"priceOrder":2},{"id":1908959887,"price":2100,"merchant":{"id":1497,"name":"Hepsiburada","noJump":false},"unitPrice":140,"tags":[],"installments":[{"count":3}],"campaigns":[],"originalPrice":2100,"maxPrice":2100,"showMaxPrice":false,"priceOrder":3}],"offerCount":8,"category":{"id":"3905","name":"Kuru Kedi Maması","slug":"kuru-kedi-mamasi"},"brand":{"id":90303,"name":"Homie","slug":"homie"},"score":null,"seoStatus":null,"itemType":0,"ctaText":"8 fiyatı incele"},{"isFakeProduct":false,"isDeletedProduct":false,"isAllOffersPassive":false,"id":2250323551,"title":"Felicia Az Tahıllı 2 kg Kuzu Etli Yetişkin HypoAllergenic Kedi Maması","url":"/kuru-kedi-mamasi/en-ucuz-felicia-az-tahilli-2-kg-kuzu-etli-yetiskin-hypoallergenic-kedi-mamasi-fiyatlari,2250323551","merchantCount":9,"imageId":842957959,"isAdult":null,"badge":{"isNew":false,"discountRatio":0,"originalDiscountRatio":0},"unitType":"kg","topOffers":[{"id":1907144418,"price":531,"merchant":{"id":1497,"name":"Hepsiburada","noJump":false},"unitPrice":265.5,"tags":["cheapest"],"installments":[],"campaigns":[],"originalPrice":531,"maxPrice":531,"showMaxPrice":false,"priceOrder":1},{"id":1927720129,"price":566.1,"merchant":{"id":9968,"name":"idefix","noJump":false},"unitPrice":283.05,"tags":[],"installments":[],"campaigns":[],"originalPrice":566.1,"maxPrice":566.1,"showMaxPrice":false,"priceOrder":2},{"id":1926886608,"price":575.04,"merchant":{"id":12929,"name":"Pazarama","noJump":false},"unitPrice":287.52,"tags":[],"installments":[],"campaigns":[],"originalPrice":575.04,"maxPrice":575.04,"showMaxPrice":false,"priceOrder":3}],"offerCount":11,"category":{"id":"3905","name":"Kuru Kedi Maması","slug":"kuru-kedi-mamasi"},"brand":{"id":13270,"name":"Felicia","slug":"felicia"},"score":null,"seoStatus":null,"itemType":0,"ctaText":"11 fiyatı incele"},{"isFakeProduct":false,"isDeletedProduct":false,"isAllOffersPassive":false,"id":519584298,"title":"Reflex Plus Somonlu Hairball 15 kg Kedi Maması","url":"/kuru-kedi-mamasi/en-ucuz-reflex-plus-somonlu-hairball-15-kg-kedi-mamasi-fiyatlari,519584298","merchantCount":9,"imageId":254283574,"isAdult":null,"badge":{"isNew":false,"discountRatio":0,"originalDiscountRatio":0},"unitType":"kg","topOffers":[{"id":1597328024,"price":2573,"merchant":{"id":12261,"name":"Mama Al","noJump":false},"unitPrice":171.53333333333333,"tags":["cheapest"],"installments":[],"campaigns":[],"originalPrice":2573,"maxPrice":2573,"showMaxPrice":false,"priceOrder":1},{"id":1690599056,"price":2588.9,"merchant":{"id":10719,"name":"Petzzshop","noJump":false},"unitPrice":172.59333333333333,"tags":[],"installments":[],"campaigns":[],"originalPrice":2588.9,"maxPrice":2588.9,"showMaxPrice":false,"priceOrder":2},{"id":1421066787,"price":2589,"merchant":{"id":1497,"name":"Hepsiburada","noJump":false},"unitPrice":172.6,"tags":[],"installments":[{"count":3}],"campaigns":[],"originalPrice":2589,"maxPrice":2589,"showMaxPrice":false,"priceOrder":3}],"offerCount":18,"category":{"id":"3905","name":"Kuru Kedi Maması","slug":"kuru-kedi-mamasi"},"brand":{"id":7808,"name":"Reflex","slug":"reflex"},"score":null,"seoStatus":null,"itemType":0,"ctaText":"18 fiyatı incele"},{"isFakeProduct":false,"isDeletedProduct":false,"isAllOffersPassive":false,"id":2254191234,"title":"Pro Plan Vital Functions Adult 3 kg Somonlu Kedi Maması","url":"/kuru-kedi-mamasi/en-ucuz-pro-plan-vital-functions-adult-somonlu-3-kg-yetiskin-kedi-mamasi-fiyatlari,2254191234","merchantCount":4,"imageId":832322228,"isAdult":null,"badge":{"isNew":false,"discountRatio":0,"originalDiscountRatio":0},"unitType":"kg","topOffers":[{"id":1970546767,"price":926.1,"merchant":{"id":9807,"name":"Çiçeksepeti","noJump":false},"unitPrice":308.7,"tags":["cheapest"],"installments":[],"campaigns":[],"originalPrice":926.1,"maxPrice":926.1,"showMaxPrice":false,"priceOrder":1},{"id":1971955132,"price":1075,"merchant":{"id":11512,"name":"PttAVM","noJump":false},"unitPrice":358.3333333333333,"tags":[],"installments":[],"campaigns":[],"originalPrice":1075,"maxPrice":1075,"showMaxPrice":false,"priceOrder":2},{"id":1871454205,"price":1260.03,"merchant":{"id":9968,"name":"idefix","noJump":false},"unitPrice":420.01,"tags":[],"installments":[],"campaigns":[],"originalPrice":1260.03,"maxPrice":1260.03,"showMaxPrice":false,"priceOrder":3}],"offerCount":7,"category":{"id":"3905","name":"Kuru Kedi Maması","slug":"kuru-kedi-mamasi"},"brand":{"id":7810,"name":"Pro Plan","slug":"pro-plan"},"score":null,"seoStatus":null,"itemType":0,"ctaText":"7 fiyatı incele"},{"isFakeProduct":false,"isDeletedProduct":false,"isAllOffersPassive":false,"id":2213037373,"title":"Whiskas 12x85 gr Junior Pouch Kümes Hayvanlı Yavru Kedi Yaş Maması","url":"/konserve-yas-kedi-mamasi/en-ucuz-whiskas-12x85-gr-junior-pouch-kumes-hayvanli-yavru-kedi-yas-mamasi-fiyatlari,2213037373","merchantCount":7,"imageId":761462849,"isAdult":null,"badge":{"isNew":false,"discountRatio":0,"originalDiscountRatio":0},"unitType":null,"topOffers":[{"id":1641243578,"price":319.15,"merchant":{"id":7000,"name":"n11","noJump":false},"unitPrice":null,"tags":["cheapest"],"installments":[],"campaigns":[],"originalPrice":319.15,"maxPrice":319.15,"showMaxPrice":false,"priceOrder":1},{"id":1755958601,"price":320.31,"merchant":{"id":9968,"name":"idefix","noJump":false},"unitPrice":null,"tags":[],"installments":[],"campaigns":[],"originalPrice":320.31,"maxPrice":320.31,"showMaxPrice":false,"priceOrder":2},{"id":1316694656,"price":336.5,"merchant":{"id":2156,"name":"Kolay Mama","noJump":false},"unitPrice":null,"tags":[],"installments":[],"campaigns":[],"originalPrice":336.5,"maxPrice":336.5,"showMaxPrice":false,"priceOrder":3}],"offerCount":6,"category":{"id":"3906","name":"Konserve-Yaş Kedi Maması","slug":"konserve-yas-kedi-mamasi"},"brand":{"id":7842,"name":"Whiskas","slug":"whiskas"},"score":null,"seoStatus":null,"itemType":0,"ctaText":"6 fiyatı incele"},{"isFakeProduct":false,"isDeletedProduct":false,"isAllOffersPassive":false,"id":2250299651,"title":"N&D Tropical Selection üşük Tahıllı Tavuklu ve Tropikal Meyveli 10 kg Kısırlaştırılmış Kedi Maması","url":"/kuru-kedi-mamasi/en-ucuz-nd-tropical-selection-dusuk-tahilli-tavuklu-ve-tropikal-meyveli-10-kg-kisirlastirilmis-kedi-mamasi-fiyatlari,2250299651","merchantCount":7,"imageId":842949150,"isAdult":null,"badge":{"isNew":false,"discountRatio":0,"originalDiscountRatio":0},"unitType":"kg","topOffers":[{"id":1705150735,"price":3564.9,"merchant":{"id":10719,"name":"Petzzshop","noJump":false},"unitPrice":356.49,"tags":["cheapest"],"installments":[],"campaigns":[],"originalPrice":3564.9,"maxPrice":3564.9,"showMaxPrice":false,"priceOrder":1},{"id":1931373713,"price":3565,"merchant":{"id":1497,"name":"Hepsiburada","noJump":false},"unitPrice":356.5,"tags":[],"installments":[{"count":3}],"campaigns":[],"originalPrice":3565,"maxPrice":3565,"showMaxPrice":false,"priceOrder":2},{"id":1846316775,"price":3682.62,"merchant":{"id":11512,"name":"PttAVM","noJump":false},"unitPrice":368.262,"tags":[],"installments":[],"campaigns":[{"slogan":"Sepette 100 TL: 100CİMRİ","campaignPrice":3682.62}],"originalPrice":3782.62,"maxPrice":3782.62,"showMaxPrice":true,"priceOrder":3}],"offerCount":12,"category":{"id":"3905","name":"Kuru Kedi Maması","slug":"kuru-kedi-mamasi"},"brand":{"id":7855,"name":"N&D","slug":"nd"},"score":null,"seoStatus":null,"itemType":0,"ctaText":"12 fiyatı incele"},{"isFakeProduct":false,"isDeletedProduct":false,"isAllOffersPassive":false,"id":2088816025,"title":"Molly 15 kg Sterilised Hypoallergenic Düşük Tahıllı Somonlu Kısırlaştırılmış Yetişkin Kedi Maması","url":"/kuru-kedi-mamasi/en-ucuz-molly-15-kg-sterilised-hypoallergenic-dusuk-tahilli-somonlu-kisirlastirilmis-yetiskin-kedi-mamasi-fiyatlari,2088816025","merchantCount":2,"imageId":635360401,"isAdult":null,"badge":{"isNew":false,"discountRatio":2.509471473048505,"originalDiscountRatio":2.509471473048505},"unitType":"kg","topOffers":[{"id":1968728617,"price":2599,"merchant":{"id":9968,"name":"idefix","noJump":false},"unitPrice":173.26666666666668,"tags":["cheapest"],"installments":[],"campaigns":[],"originalPrice":2599,"maxPrice":2665.9,"showMaxPrice":false,"priceOrder":1},{"id":1660572166,"price":4287.5,"merchant":{"id":11512,"name":"PttAVM","noJump":false},"unitPrice":285.83333333333337,"tags":[],"installments":[],"campaigns":[{"slogan":"Sepette 100 TL: 100CİMRİ","campaignPrice":4287.5}],"originalPrice":4387.5,"maxPrice":4500.437187379762,"showMaxPrice":true,"priceOrder":2}],"offerCount":4,"category":{"id":"3905","name":"Kuru Kedi Maması","slug":"kuru-kedi-mamasi"},"brand":{"id":7857,"name":"Molly","slug":"molly"},"score":null,"seoStatus":null,"itemType":0,"ctaText":"4 fiyatı incele"}],"filters":{"categories":[{"id":3905,"name":"Kuru Kedi Maması","slug":"kuru-kedi-mamasi"},{"id":3932,"name":"Kuru Köpek Maması","slug":"kuru-kopek-mamasi"},{"id":3911,"name":"Kedi Kumu","slug":"kedi-kumu"},{"id":3684,"name":"Termos","slug":"termos"},{"id":3924,"name":"Kedi Vitamini","slug":"kedi-vitamini"},{"id":3906,"name":"Konserve-Yaş Kedi Maması","slug":"konserve-yas-kedi-mamasi"},{"id":5606,"name":"Oyun Seti","slug":"oyun-seti"},{"id":1369,"name":"Sabunlar","slug":"sabunlar"},{"id":3914,"name":"Kedi Ödülü","slug":"kedi-odulu"},{"id":5190,"name":"Vida / Çivi / Somun / Civata","slug":"vida-civi-somun-civata"},{"id":5609,"name":"Peluş Oyuncaklar","slug":"pelus-oyuncaklar"},{"id":3912,"name":"Kedi Mama-Su Kabı","slug":"kedi-mama-su-kabi"},{"id":3945,"name":"Köpek Ödülü","slug":"kopek-odulu"},{"id":3913,"name":"Kedi Oyuncakları","slug":"kedi-oyuncaklari"},{"id":3369,"name":"Lokma","slug":"lokma"},{"id":3934,"name":"Köpek Oyuncakları","slug":"kopek-oyuncaklari"},{"id":1302,"name":"Saklama Kapları","slug":"saklama-kaplari"},{"id":3951,"name":"Köpek Mama-Su Kabı","slug":"kopek-mama-su-kabi"},{"id":3933,"name":"Köpek Konserve Maması","slug":"kopek-konserve-mamasi"},{"id":4048,"name":"Balık Yemi","slug":"balik-yemi"},{"id":3682,"name":"Matara","slug":"matara"},{"id":3918,"name":"Kedi Tuvalet-Kum Kabı","slug":"kedi-tuvalet-kum-kabi"},{"id":5645,"name":"Kupa","slug":"kupa"},{"id":5623,"name":"Açık Kedi Mamaları","slug":"acik-kedi-mamalari"},{"id":2795,"name":"Duvar Saati","slug":"duvar-saati"},{"id":4729,"name":"Mama Tabağı","slug":"mama-tabagi"},{"id":3919,"name":"Kedi Tarak-Fırçası","slug":"kedi-tarak-fircasi"},{"id":3960,"name":"Köpek Dışkı Malzemesi","slug":"kopek-diski-malzemesi"},{"id":5995,"name":"Kedi Koku Giderici","slug":"kedi-koku-giderici"},{"id":4852,"name":"Bebek Alt Açma Örtüsü","slug":"bebek-alt-acma-ortusu"},{"id":2136,"name":"Evcil Hayvanlar Kitapları","slug":"evcil-hayvanlar-kitaplari"},{"id":4728,"name":"Bebek Termosu","slug":"bebek-termosu"},{"id":3926,"name":"Kedi Süt Tozu","slug":"kedi-sut-tozu"},{"id":5984,"name":"Kedi Evi","slug":"kedi-evi"},{"id":1870,"name":"Paspas","slug":"paspas"},{"id":3907,"name":"Ezme-Perle Kedi Maması","slug":"ezme-perle-kedi-mamasi"},{"id":5985,"name":"Kedi Kumu Küreği","slug":"kedi-kumu-kuregi"},{"id":3969,"name":"Köpek Tırnak Makası","slug":"kopek-tirnak-makasi"},{"id":4907,"name":"Bebek Body","slug":"bebek-body"},{"id":5045,"name":"Selfie - Özçekim Çubuğu","slug":"selfie-ozcekim-cubugu"},{"id":5987,"name":"Kedi Mama Paspası","slug":"kedi-mama-paspasi"},{"id":7001,"name":"Kişiye Özel Dekoratif Ürün","slug":"kisiye-ozel-dekoratif-urun"},{"id":6621,"name":"Akıllı Sensör","slug":"akilli-sensor"},{"id":6771,"name":"Kedi Başlangıç Seti","slug":"kedi-baslangic-seti"},{"id":6976,"name":"Yetiştirme Kiti","slug":"yetistirme-kiti"},{"id":5991,"name":"Kedi Diş Fırçası","slug":"kedi-dis-fircasi"},{"id":5983,"name":"Kedi Mama Saklama Kabı","slug":"kedi-mama-saklama-kabi"},{"id":5964,"name":"Köpek Mama Saklama Kabı","slug":"kopek-mama-saklama-kabi"},{"id":5968,"name":"Köpek Mama Paspası","slug":"kopek-mama-paspasi"},{"id":5996,"name":"Kedi Kurutma Makinesi","slug":"kedi-kurutma-makinesi"}],"brands":[],"hasDiscountedProducts":false},"sorts":[{"title":"En Popüler Ürünler","sort":"rank,desc"},{"title":"En Düşük Fiyat","sort":"price,asc"},{"title":"En Yüksek Fiyat","sort":"price,desc"},{"title":"En Ucuz Birim Fiyat","sort":"unit_price,asc"},{"title":"Fiyatı Düşenler","sort":"discount,desc"},{"title":"En Yeni Ürünler","sort":"new,desc"}],"sponsorSearchProducts":null,"version":"v2"},"showAds":true,"faq":{"items":[],"title":"kedi mamasi Sıkça Sorulan Sorular"},"parentCategories":null,"pageTitle":{"title":"“<h1>kedi mamasi</h1>”<span>arama sonuçları</span>","subTitle":null,"rawTitle":"kedi mamasi"},"slideBanners":[],"deviceInfo":{"model":null,"type":"desktop","vendor":null},"isPaidSource":false,"metaTitle":"\"kedi mamasi\" Araması İçin Ürün Sonuçları - Cimri.com","adSlots":["body_728x90","body_728x90_2","body_728x90_8","body_728x90_6","body_728x90_7","body_728x90_3","body_728x90_4","body_728x90_5","masthead","sol_120x600","sag_120x600"]}}},"env":{"NEXT_PUBLIC_CDN_HOST":"https://assets.cimri.com/assets/turbo-desktop","NEXT_PUBLIC_ERROR_LOGGER_URL":"/api/errorlogger","NEXT_PUBLIC_IMAGE_DOMAIN":"https://cdn.cimri.io","NEXT_PUBLIC_OFFER_DOMAIN":"https://www.cimri.com","NEXT_PUBLIC_SEARCHBOX_BOTTOM_POPULARSEARCH_ITEMS_MAX_COUNT":"9","NEXT_PUBLIC_GRAPHQL_HOST":"/api/cimri","NEXT_PUBLIC_USER_DATA_HOST":"/api/user-data","NEXT_PUBLIC_AUTH_HOST":"/api/auth","NEXT_PUBLIC_HOMEPAGE_BROCHURE_ITEMS_MAX_COUNT":"5","NEXT_PUBLIC_OFFER_FILTER_BADGE_MERCHANTS":"10370,9807,1497,7000,12929,11512,46,10109","NEXT_PUBLIC_ICONS_HOST":"https://assets.cimri.com/assets/font-icons/fonts/1.0.28","NEXT_PUBLIC_METRICS_API":"/api/pixel","NEXT_PUBLIC_DISCOUNT_PERCENT":"5","NEXT_PUBLIC_SEARCH_LISTING_MAX_PAGE_COUNT_DEFAULT":"50","NEXT_PUBLIC_MERCHANT_REGISTER_POST_URL":"https://www.cimri.com/merchant-applications","NEXT_PUBLIC_MERCHANT_BASE":"4c94e3115c1eeb9bd1e5e4bcb0bcab4e"}}</script><script>(function(){function c(){var b=a.contentDocument||a.contentWindow.document;if(b){var d=b.createElement('script');d.innerHTML="window.__CF$cv$params={r:'9d311c05794b3027',t:'MTc3MTk1ODYxNQ=='};var a=document.createElement('script');a.src='/cdn-cgi/challenge-platform/scripts/jsd/main.js';document.getElementsByTagName('head')[0].appendChild(a);";b.getElementsByTagName('head')[0].appendChild(d)}}if(document.body){var a=document.createElement('iframe');a.height=1;a.width=1;a.style.position='absolute';a.style.top=0;a.style.left=0;a.style.border='none';a.style.visibility='hidden';document.body.appendChild(a);if('loading'!==document.readyState)c();else if(window.addEventListener)document.addEventListener('DOMContentLoaded',c);else{var e=document.onreadystatechange||function(){};document.onreadystatechange=function(b){e(b);'loading'!==document.readyState&&(document.onreadystatechange=e,c())}}}})();</script><iframe height="1" width="1" style="position: absolute; top: 0px; left: 0px; border: none; visibility: hidden;"></iframe></body></html>